@article{lrp,
 author = {Hermida, Claudio and Reddy, Uday S. and Robinson, Edmund P.},
 title = {Logical Relations and Parametricity - A Reynolds Programme for Category Theory and Programming Languages},
 journal = {Electron. Notes Theor. Comput. Sci.},
 issue_date = {March, 2014},
 volume = {303},
 month = mar,
 year = {2014},
 issn = {1571-0661},
 pages = {149--180},
 numpages = {32},
 url = {http://dx.doi.org/10.1016/j.entcs.2014.02.008},
 doi = {10.1016/j.entcs.2014.02.008},
 acmid = {2599154},
 publisher = {Elsevier Science Publishers B. V.},
 address = {Amsterdam, The Netherlands, The Netherlands},
 keywords = {Category Theory, Data abstraction, Definability, Fibrations, Homomorphisms, Information hiding, Logical Relations, Natural Transformations, Parametric polymorphism, Reflexive Graphs, Relation lifting, Relational Parametricity, Universal algebra},
}
