@string{ADDISON="Addison Wesley"}
@string{BENJAMIN="Benjamin/Cummings"}
@string{CAMBRIDGE="Cambridge University Press"}
@string{PRHALL="Prentice-Hall"}
@string{FREEMAN="W.~H.~Freeman"}
@string{ACADEMIC="Academic Press"}
@string{SPRINGER="Springer-Verlag"}
@string{CSPRESS="Computer Science Press"}
@string{ELSEVIER="American Elsevier"}
@string{MCGRAW="McGraw Hill"}
@string{MIT="MIT Press"}
@string{WILEY="John Wiley \& Sons"}
@string{ACM="Association for Computing Machinery"}
@string{UA="The University of Arizona"}
@string{DCS="Department of Computer Science"}
@string{PU="Princeton University"}
@string{PUDCS="Princeton University, Department of Computer Science"}
@string{DCSPU="Department of Computer Science, Princeton University"}
@string{UADCS="Department of Computer Science, The University of Arizona"}
@string{DCSUA="Department of Computer Science, The University of Arizona"}
@string{CSD="Computer Science Department"}
@string{DEECS="Department of Electrical Engineering and Computer Science"}
@string{BELLABS="Computing Science Research Center, AT\&T Bell Laboratories"}
@string{DECSRC="Systems Research Center, Digital Equipment Corp."}
@string{PARC="Palo Alto Research Center, Xerox Corp."}
@string{CMU="School of Computer Science, Carnegie Mellon Univ."}
@string{ETH={Departement Informatik, Institut f\"ur Computersysteme
Eidgen\"ossische Technische Hochschule}}
@string{NY="NY"}
@string{SIGNOT="SIGPLAN Notices"}
@string{JACM="Journal of the Association for Computing Machinery"}
@string{TOPLAS="ACM Transactions on Programming Languages and Systems"}
@string{POPL=" ACM Symp. on Principles of Programming Languages"}
@string{OSDI=" USENIX Symposium on Operating Systems Design and Implementation"}
@string{OSDI10="Proc. 9th" # OSDI}
@string{POPL87="Proc. 14th" # POPL}
@string{POPL89="Proc. 16th" # POPL}
@string{POPL90="Proc. 17th" # POPL}
@string{POPL91="Proc. 18th" # POPL}
@string{POPL92="Proc. 19th" # POPL}
@string{POPL93="Proc. 20th" # POPL}
@string{POPL94="Proc. 21st" # POPL}
@string{POPL95="Proc. 22nd" # POPL}
@string{POPL96="Proc. 23rd" # POPL}
@string{POPL97="Proc. 24th" # POPL}
@string{POPL98="Proc. 25th" # POPL}
@string{POPL99="Proc. 26th" # POPL}
@string{POPL00="Proc. 27th" # POPL}
@string{POPL01="Proc. 28th" # POPL}
@string{POPL02="Proc. 29th" # POPL}
@string{POPL03="Proc. 30th" # POPL}
@string{POPL04="Proc. 31st" # POPL}
@string{POPL05="Proc. 32nd" # POPL}
@string{POPL06="Proc. 33rd" # POPL}
@string{POPL07="Proc. 34th" # POPL}
@string{POPL08="Proc. 35th" # POPL}
@string{POPL09="Proc. 36th" # POPL}
@string{POPL10="Proc. 37th" # POPL}
@string{POPL11="Proc. 38th" # POPL}
@string{POPL12="Proc. 39th" # POPL}
@string{POPL13="Proc. 40th" # POPL}
@string{POPL14="Proc. 42nd" # POPL}
@string{POPL15="Proc. 42nd" # POPL}

@string{PLDI=" ACM Conf. on Prog. Lang. Design and Implementation"}
@string{PLDI88="Proc. 1988" # PLDI}
@string{PLDI89="Proc. 1989" # PLDI}
@string{PLDI90="Proc. 1990" # PLDI}
@string{PLDI91="Proc. 1991" # PLDI}
@string{PLDI92="Proc. 1992" # PLDI}
@string{PLDI93="Proc. 1993" # PLDI}
@string{PLDI94="Proc. 1994" # PLDI}
@string{PLDI95="Proc. 1995" # PLDI}
@string{PLDI96="Proc. 1996" # PLDI}
@string{PLDI97="Proc. 1997" # PLDI}
@string{PLDI98="Proc. 1998" # PLDI}
@string{PLDI99="Proc. 1999" # PLDI}
@string{PLDI00="Proc. 2000" # PLDI}
@string{PLDI01="Proc. 2001" # PLDI}
@string{PLDI02="Proc. 2002" # PLDI}
@string{PLDI03="Proc. 2003" # PLDI}
@string{PLDI04="Proc. 2004" # PLDI}
@string{PLDI05="Proc. 2005" # PLDI}
@string{PLDI06="Proc. 2006" # PLDI}
@string{PLDI07="Proc. 2007" # PLDI}
@string{PLDI08="Proc. 2008" # PLDI}
@string{PLDI09="Proc. 2009" # PLDI}
@string{PLDI10="Proc. 2010" # PLDI}
@string{PLDI11="Proc. 2011" # PLDI}
@string{PLDI12="Proc. 2012" # PLDI}
@string{PLDI13="Proc. 2013" # PLDI}
@string{PLDI14="Proc. 2014" # PLDI}

@string{ICFP=" ACM SIGPLAN International Conference on Functional Programming"}
@string{ICFP97="Proc. 1997" # ICFP}
@string{ICFP98="Proc. 1998" # ICFP}
@string{ICFP99="Proc. 1999" # ICFP}
@string{ICFP00="Proc. 2000" # ICFP}
@string{ICFP01="Proc. 2001" # ICFP}
@string{ICFP02="Proc. 2002" # ICFP}
@string{ICFP03="Proc. 2003" # ICFP}
@string{ICFP04="Proc. 2004" # ICFP}
@string{ICFP05="Proc. 2005" # ICFP}
@string{ICFP06="Proc. 2006" # ICFP}
@string{ICFP07="Proc. 2007" # ICFP}
@string{ICFP08="Proc. 2008" # ICFP}
@string{ICFP09="Proc. 2009" # ICFP}
@string{ICFP10="Proc. 2010" # ICFP}
@string{ICFP11="Proc. 2011" # ICFP}
@string{LICS=" Annual IEEE Symposium on Logic in Computer Science"}
@string{LICS02="Proc. 17th" # LICS}
@string{ESOP = " European Symposium on Programming"}

@string{TLDI = " ACM SIGPLAN International Workshop on Types in Language Design and Implementation"}
@string{TLDI03 = "Proc. 2003" # TLDI}
@string{TLDI05 = "Proc. 2005" # TLDI}
@string{TLDI07 = "Proc. 2007" # TLDI}

@string{TPHOLs=" International Conference on Theorem Proving in Higher Order Logics"}
@string{TPHOLs96="Proc. 9th" # TPHOLs}
@string{TPHOLs97="Proc. 10th" # TPHOLs}
@string{TPHOLs98="Proc. 11th" # TPHOLs}
@string{TPHOLs99="Proc. 12th" # TPHOLs}
@string{TPHOLs00="Proc. 13th" # TPHOLs}
@string{TPHOLs01="Proc. 14th" # TPHOLs}
@string{TPHOLs02="Proc. 15th" # TPHOLs}
@string{TPHOLs03="Proc. 16th" # TPHOLs}
@string{TPHOLs04="Proc. 17th" # TPHOLs}
@string{TPHOLs05="Proc. 18th" # TPHOLs}
@string{TPHOLs06="Proc. 19th" # TPHOLs}
@string{TPHOLs07="Proc. 20th" # TPHOLs}

@STRING{concur = "International Conference on Concurrency Theory"}

@inproceedings{965681,
 author = {Aaron Greenhouse and T. J. Halloran and William L. Scherlis},
 title = {Using {E}clipse to demonstrate positive static assurance of {J}ava program concurrency design intent},
 booktitle = {Eclipse '03: Proceedings of the 2003 OOPSLA workshop on Eclipse technology exchange},
 year = {2003},
 pages = {99--103},
 location = {Anaheim, California},
 doi = {http://doi.acm.org/10.1145/965660.965681},
 publisher = {ACM},
 address = {New York, NY, USA},
 }

@article{ranganath07,
author = {Venkatesh Prasad Ranganath and John Hatcliff},
title = {Slicing concurrent Java programs using Indus and Kaveri},
journal = {Int. J. Softw. Tools Technol. Transf.},
 volume = {9},
 number = {5},
 year = {2007},
 issn = {1433-2779},
 pages = {489--504},
 doi = {http://dx.doi.org/10.1007/s10009-007-0043-0},
 publisher = {Springer-Verlag},
 address = {Berlin, Heidelberg}
}

@misc{eclipse,
key="Eclipse",
title="About the {E}clipse {F}oundation",
year=2007,
howpublished="http://www.eclipse.org/org/"}

@inproceedings{kiezun07,
author="Adam Kiezun and Michael Ernst and Frank Tip and Robert Fuhrer",
title="Refactoring for Parameterizing {J}ava Classes",
booktitle="Proc. 29th International Conference on Software Engineering (ICSE'07)",
month=may, year=2007, pages="437-446"}

@inproceedings{lhotak04,
  author = "Jennifer Lhot\'ak and Ond\v{r}ej Lhot\'ak and Laurie Hendren",
  title = "Integrating the {Soot} compiler infrastructure into an {IDE}",
  booktitle =    {Compiler Construction, 13th International Conference},
  pages =        {281--297},
  month =        {April},
  year =         {2004},
  editor =       {E. Duesterwald},
  volume =       {2985},
  series =       {LNCS},
  address =      {Barcelona, Spain},
  publisher = {Springer},
}

@techreport{yang07:scalable,
author="Hongseok Yand and Oukseh Lee and Cristiano Calcagno and
        Dino Distefano and Peter O'Hearn",
title="On Scalable Shape Analysis",
institution="Queen Mary, Univ. of London",
number="RR-07-10",
month=nov, year=2007}

@inproceedings{boehm05,
author = "Hans-J. Boehm",
title = "Threads Cannot be Implemented as a Library",
booktitle = "PLDI '05: 2005 ACM SIGPLAN Conference on Programming Language Design and Implementation",
year = "2005",
address="New York",
pages = "261-268"}

@inproceedings{appel07:tphols,
title = "Separation Logic for Small-step {C} minor",
author = "Andrew W. Appel and Sandrine Blazy",
booktitle=TPHOLs07,
year=2007}

@inproceedings{gotsman07:pldi,
author = "Alexey Gotsman and Josh Berdine and Byron Cook and Mooly Sagiv",
title = "Thread-modular Shape Analysis",
booktitle="PLDI '07: 2007 ACM SIGPLAN Conference on Programming Language Design and Implementation",
year = 2007,
pages="266-277"
}

@inproceedings{ ghiya96is,
    author = "Rakesh Ghiya and Laurie J. Hendren",
    title = "Is it a Tree, a {DAG}, or a Cyclic Graph? A Shape Analysis for Heap-Directed Pointers in C",
    booktitle = "Symposium on Principles of Programming Languages",
    pages = "1-15",
    year = "1996",
    url = "citeseer.ist.psu.edu/ghiya96is.html" }

@inproceedings{guo07:pldi,
author = "Bolei Guo and Neil Vachharajani and David I. August",
title = "Shape Analysis with Inductive Recursion Synthesis",
booktitle="PLDI '07: 2007 ACM SIGPLAN Conference on Programming Language Design and Implementation",
year = 2007,
pages="256-265"
}

@phdthesis{hobor08:phd,
  author    = {Aquinas Hobor},
  title     = {Oracle Semantics},
  school    = "Princeton University",
  year      = {2008},
  number   = "CS TR-836-08"
 }

@book{appel92:cps,
Author = "Andrew W. Appel",
Title = "Compiling with Continuations",
publisher = "Cambridge University Press", address="Cambridge, England",
Year = "1992"}
                  
@inproceedings{hobor08:esop,
title="Oracle Semantics for Concurrent Separation Logic",
author="Aquinas Hobor and Andrew W. Appel and Francesco {Zappa Nardelli}",
pages="(to appear)",
booktitle="ESOP'08: 17th European Symposium on Programming",
publisher="Springer",
month=apr,
year=2008}

@inproceedings{wu03:flit,
title = "Foundational Proof Checkers with Small Witnesses",
author="Dinghao Wu and Andrew W. Appel and Aaron Stump",
booktitle="5th ACM SIGPLAN International Conference on Principles and Practice of Declarative Programming",
month=aug,
year=2003}

@article{appel03:jar,
title="A Trustworthy Proof Checker",
author="Andrew W. Appel and Neophytos G. Michael and Aaron Stump and Roberto Virga",
journal="Journal of Automated Reasoning",
volume=31, pages="231-260", year=2003}

@inproceedings{tan04,
Author="Gang Tan and  Andrew W. Appel and Kedar Swadi and Dinghao Wu",
Title="Construction of a Semantic Model for a Typed Assembly Language",
booktitle="5th International Conference on Verification, Model Checking, and Abstract Interpretation (VMCAI '04)",
month=jan,
year=2004}

@inproceedings{tan06:jni,
title="Safe Java Native Interface",
author="Gang Tan and  Andrew W. Appel and Srimat Chakradhar and Anand Raghunathan and Srivaths Ravi and Daniel Wang",
booktitle="International Symposium on Secure Software Engineering",
month=mar, year=2006}.

@inproceedings{augustsson93,
author="Lennart Augustsson",
title="Implementing {H}askell Overloading",
booktitle="Proc. International Conf. on Functional Programming Languages and Computer Architecture",
publisher="ACM Press",year=1991,month=jun,
pages="65-73"
}

@techreport{constable82,
  author =	 "R. L. Constable",
  title =	 "Intensional Analysis of Functions and Types",
  number =	 "CSR-118-82",
  year =	 1982,
  institution =	 "University of Edinburgh"
}

@inproceedings{crary98,
author="Karl Crary and Stephanie Weirich and Greg Morrisett",
title="Intensional Polymorphism in Type-Erasure Semantics",
booktitle=ICFP98,
pages="301-312",month=sep,year="1998"
}

@inproceedings{nanevski06,
author="Aleksandar Nanevski and Greg Morrisett and Lars Birkedal",
title="Polymorphism and Separation in Hoare Type Theory",
booktitle=ICFP06,
pages="62-73",month=sep,year="2006"
}

@inproceedings{nanevski07,
author="Aleksandar Nanevski and Amal Ahmed and Greg Morrisett and Lars Birkedal",
title="Abstract Predicates and Mutable ADTs in Hoare Type Theory",
booktitle="Proc. 2007" # ESOP,
month=mar, year="2007"
}

@inproceedings{crary99,
author="Karl Crary and Stephanie Weirich",
title="Flexible Type Analysis",
booktitle=ICFP99,
pages="233-248",month=sep,year=1999
}

@inproceedings{yang98,
author="Zhe Yang",
title="Encoding Types in {ML}-like Languages",
booktitle=ICFP98,
pages="289-300",year=1998
}

@inproceedings{dubois95,
author="Catherine Dubois and Francois Rouaix and Pierre Weis",
title="Generic Polymorphism",
booktitle=POPL95,
year=1995,
pages="118-129"
}

@inproceedings{duggan98,
author="Dominic Duggan",
title="A Type-based Semantics for User-Defined Marshalling in Polymorphic Languages",
booktitle="Proc. 1998 International Workshop on Types in Compilation",
series="LNCS",volume="1473",
publisher=SPRINGER,address="Kyoto, Japan",
editor="Xavier Leroy and Atsushi Ohori",
pages="273-298",month=mar,year=1998
}

@inproceedings{elsman98,
author="Martin Elsman",
title="Polymorphic Equality --- No Tags Required",
booktitle="Proc. 1998 International Workshop on Types in Compilation",
series="LNCS",volume=1473,
publisher=SPRINGER,address="Kyoto, Japan",
editor="Xavier Leroy and Atsushi Ohori",
pages="136-155",month=mar,year=1998
}

@inproceedings{harper95,
author="Robert Harper and Greg Morrisett",
title="Compiling Polymorphism Using Intensional Type Analysis",
booktitle=POPL95,
year=1995,
pages="130-141"
}

@article{hudak92,
author="Paul Hudak and Simon {Peyton Jones} and Philip Wadler",
title="Report on the Programming Language {H}askell, A Non-strict, 
       Purely Functional Language, Version 1.2",
year=1992,month=may,
journal="SIGPLAN Notices",
volume=21,number=5
}

@phdthesis{phd:jones92,
  author =	 "Mark P. Jones",
  title =	 "Qualified Types: Theory and Practice",
  school =	 "Oxford University Computing Laboratory",
  address =	 "Oxford",
  year =	 1992,
  month =	 jul,
  note =	 "Technical Monograph PRG-106"
}

@article{morrison91,
author="R. Morrison and A. Dearle and R. C. H. Connor and A. L. Brown",
title="An ad hoc approach to the implementation of polymorphism",
journal=TOPLAS,
volume=13,number=3,
month=jul,
year=1991
}

@techreport{minamide97,
author="Yasuhiko Minamide",
title="Full Lifting of Type Parameters",
institution="RIMS, Kyoto University",
type="Technical Report",year=1997
}

@book{milner97,
author="Robin Milner and Mads Tofte and Robert Harper and David MacQueen",
title="The Definition of {S}tandard {ML} (Revised)",
publisher="MIT Press",
address="Cambridge, Massachusetts",
year=1997
}

@inproceedings{ohori92,
author="Atsushi Ohori",
title="A Compilation Method for {ML}-Style Polymorphic Record Calculi",
booktitle=POPL92,
year=1992
}

@inproceedings{ohori&93,
author="Atsushi Ohori and Kazuhiko Kato",
title="Semantics for Communication Primitives in a Polymorphic Language",
booktitle=POPL93,
pages="99-112",
year=1993
}

@inproceedings{shao97:flex,
author="Zhong Shao",
title="Flexible Representation Analysis",
booktitle=ICFP97,
pages="85-98",month=jun,year=1997
}

@inproceedings{shao97:overview,
author="Zhong Shao",
title="An Overview of the {FLINT/ML} Compiler",
booktitle="Proc. ACM SIGPLAN Workshop on Types in Compilation",
month=jun,year=1997
}

@inproceedings{tarditi96:til,
author="D. Tarditi and G. Morrisett and P. Cheng and C. Stone and 
        R. Harper and P. Lee",
title="{TIL}: A Type-Directed Optimizing Compiler for {ML}",
booktitle=PLDI96,
year=1996,pages="181-192"
}

@inproceedings{shao95:tcps,
author="Zhong Shao and Andrew W. Appel",
title="A Type-based Compiler for {S}tandard {ML}",
booktitle=PLDI95,
year=1995,
pages="116-129"
}


@phdthesis{tarditi96:phd,
author="David Tarditi",
title="Design and Implementation of Code Optimizations for a Type-Directed Compiler for {S}tandard {ML}",
school="School of Computer Science, Carnegie Mellon University",
address="Pittsburgh, PA",
year=1996,month=dec,
note="Tech Report CMU-CS-97-108"
}

@inproceedings{tolmach94,
author="Andrew Tolmach",
title="Tag-free Garbage Collection Using Explicit Type Parameters",
booktitle = "Proc. 1994 ACM Conf. on Lisp and Functional Programming",
month=jun,year=1994,pages="1-11"
}

@inproceedings{wadler89,
author="Philip Wadler and Stephen Blott",
title="How to make ad hoc polymorphism less ad hoc",
booktitle=POPL89,
year=1989,month=jan,
pages="60-76"
}

@inproceedings{morrisett98,
author="Greg Morrisett and David Walker and Karl Crary and Neal Glew",
title="From {S}ystem {F} to Typed Assembly Language",
booktitle=POPL98,
pages="85-97",year=1998,month=jan
}

@inproceedings{peterson93,
author="John Peterson and Mark Jones",
title="Implementing Type Classes",
booktitle=PLDI93,
year=1993,month=jun,
pages="227-236"
}


@inproceedings{jones94,
author="Mark P. Jones",
title="Dictionary-free Overloading by Partial Evaluation",
booktitle="Proc. ACM SIGPLAN Workshop on Partial Evaluation and Semantics-Based Program Manipulation",
publisher="University of Melbourne TR 94/9",year=1994,month=jun,
pages="107-117"
}

@inproceedings{fegaras96,
author="Leonidas Fegaras and Tim Sheard",
title="Revisiting Catamorphisms over Datatypes with Embedded Functions",
booktitle=POPL96,
pages="284-294",year=1996,month=jan
}

@phdthesis{morrisett95:phd,
title = "Compiling with Types",
author = "Greg Morrisett",
school = CMU,
address = "Pittsburgh, PA",
year = 1995, month=dec, number = "CMU-CS-95-226"}

@techreport{pierce89,
author="Benjamin Pierce and Scott Dietzen and Spiro Michaylov",
title="Programming in Higher-Order Typed Lambda-Calculi",
number="CMU-CS-89-111",year=1989,
institution="Carnegie Mellon University"
}

@inproceedings{pfenning89:leap,
author="Frank Pfenning and Peter Lee",
title="{LEAP}: A Language with Eval and Polymorphism",
booktitle="Proc. International Joint Conf. on Theory and Practice of Software Development",
publisher=SPRINGER,address="Barcelona, Spain",
year=1989,
}

@inproceedings{pfenning89,
author="Frank Pfenning and Christine Paulin-Mohring",
title="Inductively defined types in the {C}alculus of {C}onstructions",
booktitle="Proc. Fifth Conf. on the Mathematical Foundations of Programming Semantics", 
publisher=SPRINGER,address="New Orleans, Louisiana",
year=1989,month=mar,pages="209-228"
}

@article{pfenning91,
  author =	 "Frank Pfenning and Peter Lee",
  title =	 "Metacircularity in the polymorphic
                  $\lambda$-calculus",
  journal =	 "Theoretical Computer Science",
  volume =	 89,
  pages =	 "137-159",
  year =	 1991
}


@inproceedings{leroy91d,
author="Xavier Leroy and Michel Mauny",
title="Dynamics in {ML}",
booktitle="Proc. Fifth International Conf. on Functional Programming Languages and Computer Architecture",
publisher=SPRINGER,year=1991,month=aug,
pages="406-426"
}

@phdthesis{girard72,
author="Jean-Yves Girard",
title="Interpr\'etation Fonctionnelle et \'Elimination des Cou\-pu\-res dans l'Arithm\'etique d'Ordre Sup\'erieur",
school="University of Paris VII",
year=1972
}

@book{girard89,
author="Jean-Yves Girard and Yves Lafont and Paul Taylor",
title="Proofs and Types",
publisher="Cambridge University Press",
year=1989
}

@article{church40,
author="Alonzo Church",
title="A formulation of the simple theory of types",
journal="Journal of Symbolic Logic",
volume=5,pages="56-68",
year=1940
}

@inproceedings{minamide96,
author="Yasuhiko Minamide and Greg Morrisett and Robert Harper",
title="Typed Closure Conversion",
booktitle=POPL96,
year=1996,
pages="271-283"
}

@techreport{wright92,
author="Andrew Wright and Matthias Felleisen",
title="A Syntactic Approach To Type Soundness",
institution="Dept. of Computer Science, Rice University",
type="Technical Report",month=jun,year=1992
}

@article{wright94,
  Author = "Andrew K. Wright and Matthias Felleisen",
  Title = "A syntactic approach to type soundness",
  Year = 1994,
  Journal = "Information and Computation",
  Volume = 115,
  Number = 1,
  Pages = "38-94",
  MyNote = "Rice TR91-160"
}

@inproceedings{hamid02:fpcc,
author="Nadeem A. Hamid and Zhong Shao and Valery Trifonov and Stefan Monnier and Zhaozhong Ni",
title="A Syntactic Approach to Foundational Proof-Carrying Code",
booktitle=LICS02,
pages="89-100",
year=2002,month=jul
}

@inproceedings{meijer95,
author="Erik Meijer and Graham Hutton",
title="Bananas in Space: Extending Fold and Unfold to Exponential Types",
booktitle="Functional Programming and Computer Architecture",
year=1995
}

@inproceedings{reynolds74,
author="John C. Reynolds",
title="Towards a theory of type structure",
booktitle="Proceedings, Colloque sur la Programmation,
Lecture Notes in Computer Science, volume 19",
publisher=SPRINGER # ", Berlin",
pages="408-425",
year=1974
}

@inproceedings{shao98:tcc,
author="Zhong Shao",
title="Typed Cross-Module Compilation",
booktitle=ICFP98,
year=1998
}

@techreport{saha00:itatr,
author="Bratin Saha and Valery Trifonov and Zhong Shao",
title="Fully Reflexive Intensional Type Analysis",
institution="Dept. of Computer Science, Yale University",
address="New Haven, CT", number="YALEU/DCS/TR-1194",
note="Available at {\tt flint.cs.yale.edu/flint/publications}.",
month="March",year="2000"
}

@article{saha03,
  author = "Bratin Saha and Valery Trifonov and Zhong Shao",
  title = "Intensional Analysis of Quantified Types",
  journal = TOPLAS,
  volume = 25,
  number = 2,
  pages = "159-209",
  year = 2003,
  month = mar
}

@inproceedings{pfenning88:hoas,
author="Frank Pfenning and Conal Elliott",
title="Higher-order abstract syntax",
booktitle=PLDI88,
year=1988,
pages="199-208"
}

@inproceedings{shao99:fullsig,
author="Zhong Shao",
title="Transparent Modules with Fully Syntactic Signatures",
booktitle=ICFP99,
pages="220-232",month=sep,year=1999
}

@inproceedings{league99:javaflint2,
author="Christopher League and Zhong Shao and Valery Trifonov",
title="Representing {J}ava Classes in a Typed Intermediate Language",
booktitle=ICFP99,
pages="183-196",month=sep,year=1999
}

@phdthesis{xi98:phd,
author="Hongwei Xi",
title="Dependent Types in Practical Programming",
school="School of Mathematical Sciences, Carnegie Mellon University",
address="Pittsburgh, PA",
year=1998,month=sep
}

@techreport{xi99:dtal,
author="Hongwei Xi and Robert Harper",
title="A Dependently Typed Assembly Language",
institution="Department of Computer Science and Engineering, Oregon Graduate Institute",
number="OGI-CSE-99-008",
year=1999,
month=jul
}

@inproceedings{xi01:dtal,
author="Hongwei Xi and Robert Harper",
title="A Dependently Typed Assembly Language",
booktitle=ICFP01,
pages="169-180",month=sep,year=2001
}

@techreport{detlefs98,
author="David L. Detlefs and Rustan M. Leino and Greg Nelson and James B. Saxe",
title="Extended Static Checking",
number="Research Report 159", month="December", year=1998,
institution="Compaq Systems Research Center",
address="Palo Alto, CA"
}

@inproceedings{mairson93,
author="Harry G. Mairson",
title="A Constructive Logic of Multiple Subtyping",
booktitle=POPL93,
year=1993,pages="313-324"
}

@inproceedings{sheldon90,
author="Mark A. Sheldon and David K. Gifford",
title="Static Dependent Types for First Class Modules",
booktitle="1990 ACM Conference on Lisp and Functional Programming",
year=1990,month=jun,
pages="20-29"
}

@inproceedings{augustsson98,
author="Lennart Augustsson",
title="Cayenne---a language with dependent types",
booktitle=ICFP98,
pages="239-250",month=sep,year=1998
}

@inproceedings{trifonov00:ita,
author="Valery Trifonov and Bratin Saha and Zhong Shao",
title="Fully Reflexive Intensional Type Analysis",
booktitle=ICFP00,
pages="82-93",month=sep,year=2000
}

@inproceedings{shao98:imp,
author="Zhong Shao and Christopher League and Stefan Monnier",
title="Implementing Typed Intermediate Languages",
booktitle=ICFP98,
pages="313-323",year=1998
}

@inproceedings{morrisett99,
author="Greg Morrisett and Karl Crary and Neal Glew and Dan Grossman and Richard Samuels and Frederick Smith and David Walker and Stephanie Weirich and Steve Zdancewic",
title="{TALx86:} A Realistic Typed Assembly Language",
booktitle="1999 ACM SIGPLAN Workshop on Compiler Support for System Software",
pages="25-35", address="Atlanta, GA",
month=may,year=1999
}

@misc{harper00:pott,
author="Robert Harper",
title="The Practice of Type Theory",
howpublished="Talk presented at 2000 Alan J. Perlis Symposium, Yale University, New Haven, CT",
year=2000,
month=apr
}

@inproceedings{howard80,
author="W. A. Howard",
title="The Formulae-as-Types Notion of Constructions",
booktitle="To H.B.Curry: Essays on Computational Logic, Lambda Calculus and Formalism",
publisher="Academic Press", 
year=1980
}

@inproceedings{barendregt91,
author="Henk P. Barendregt",
title="Lambda Calculi with Types",
booktitle="Handbook of Logic in Computer Science (volume 2)",
editor="S. Abramsky and D. Gabbay and T. Maibaum",
publisher="Oxford Univ. Press", 
year=1991
}

@inproceedings{barendregt99,
author="Henk P. Barendregt and Herman Geuvers",
title="Proof-assistants using Dependent Type Systems",
booktitle="Handbook of Automated Reasoning",
editor="A. Robinson and A. Voronkov",
publisher="Elsevier Sci. Pub. B.V.", 
year=1999
}

@inproceedings{harper90,
author="Robert Harper and John C. Mitchell and Eugenio Moggi",
title="Higher-order modules and the Phase Distinction",
booktitle=POPL90,
month=jan,year=1990,pages="341-344"
}

@inproceedings{abadi99,
author="Martin Abadi and Anindya Banerjee and Nevin Heintze and Jon Riecke",
title="A Core Calculus of Dependency",
booktitle=POPL99,
month=jan,year=1999,pages="147-160"
}

@inproceedings{myers99,
author="Andrew C. Myers",
title="{JFlow}: Practical mostly-static information flow control",
booktitle=POPL99,
month=jan,year=1999,pages="228-241"
}

@inproceedings{smith98,
author="Geoffrey Smith and Dennis Volpano",
title="Secure information flow in a multi-threaded imperative language",
booktitle=POPL98,
month=jan,year=1998,pages="355-364"
}

@article{coquand88,
author="T. Coquand and G. Huet",
title="The calculus of constructions",
journal="Information and Computation",
volume=76,pages="95-120",
year=1988
}

@phdthesis{werner94:phd,
author="Benjamin Werner",
title="Une Th\'{e}orie des Constructions Inductives",
school="A L'Universit\'{e} Paris 7",
address="Paris, France",
year=1994
}

@phdthesis{altenkirch93:phd,
author="Thorsten Altenkirch",
title="Constructions, Inductive Types and Strong Normalization",
school="University of Edinburgh",
address="UK",
year=1993
}

@phdthesis{geuvers93:phd,
author="Herman Geuvers",
title="Logics and Type Systems",
school="Catholic University of Nijmegen",
address="The Netherlands",
year=1993
}

@inproceedings{paulin93,
author="C. {Paulin-Mohring}",
title="Inductive definitions in the system {Coq}---rules and properties",
booktitle="Proc. TLCA",
series = "LNCS",
volume = 664,
editor="M. Bezem and J. Groote",
publisher=SPRINGER, 
year=1993
}

@techreport{shao01:tscbtr,
author="Zhong Shao and Bratin Saha and Valery Trifonov and Nikolaos Papaspyrou",
title="A Type System for Certified Binaries",
institution="Dept. of Computer Science, Yale University",
address="New Haven, CT", number="YALEU/DCS/TR-1211",
month=mar,year=2001
}


@inproceedings{xi99:dml,
author="Hongwei Xi and Frank Pfenning",
title="Dependent Types in Practical Programming",
booktitle=POPL99,
year=1999,pages="214-227"
}

@inproceedings{xi03:grdc,
author="Hongwei Xi and Chiyan Chen and Gang Chen", 
title="Guarded Recursive Datatype Constructors",
booktitle=POPL03,
year=2003,pages="224-235"
}

@inproceedings{crary99:cap,
author="Karl Crary and David Walker and Greg Morrisett",
title="Typed Memory Management in a Calculus of Capabilities",
booktitle=POPL99, 
year=1999,pages="262-275"
}

@inproceedings{walker00,
author="David Walker",
title="A type system for expressive security policies",
booktitle=POPL00,
year=2000,pages="254-267"
}

@inproceedings{crary00:res,
author="Karl Crary and Stephanie Weirich",
title="Resource bound certification",
booktitle=POPL00,
year=2000,pages="184-198"
}

@article{barthe99,
author="G. Barthe and J. Hatcliff and M. Sorensen",
title="{CPS} translations and applications: the Cube and beyond",
journal="Higher Order and Symbolic Computation",
volume=12,number=2,year=1999,month=sep,
pages="125-170"
}

@article{harper93,
author="R. Harper and F. Honsell and G. Plotkin",
title="A Framework for Defining Logics",
journal="Journal of the ACM",
volume=40,number=1,year=1993,
pages="143-184"
}

@phdthesis{crary98:phd,
title = "Type-Theoretic Methodology for Practical Programming Languages",
author = "Karl Crary",
school = "Cornell University",
address = "Ithaca, NY",
year = 1998}

@techreport{burstall91,
author="R. Burstall and J. Mc{K}inna",
title="Deliverables: an approach to program development in Constructions",
institution="Univ. of Edinburgh",
address="UK", number="ECS-LFCS-91-133",
year=1991
}

@phdthesis{mckinna92,
title = "Deliverables: a categorical approach to program development in type theory",
author = "J. McKinna",
school = "U. of Edinburgh",
address = "UK",
year = 1992}
 

@inproceedings{paulin89,
author="C. {Paulin-Mohring}",
title="Extracting ${F}_{\omega}$'s programs from proofs in the {C}alculus of {C}onstructions ",
booktitle=POPL89,
month=jan,year=1989,pages="89-104"
}

@inproceedings{hayashi91, 
author="S. Hayashi",
title="Singleton, union and intersection types for program extraction",
booktitle="Proc. International Conference on Theoretical Aspects of Computer Software",
editor="A. R. Meyer",
pages="701-730",
year=1991
}

@inproceedings{harper93:cps,
author="Robert Harper and Mark Lillibridge",
title="Explicit polymorphism and {CPS} conversion",
booktitle=POPL93,
year=1993,pages="206-219"
}

@inproceedings{wadler00,
author="Philip Wadler",
title="New Languages, Old Logic",
booktitle="Dr. Dobbs Journal, Special issue on Software in the 21st Century",
month=dec,year=2000,publisher="CMP Media Inc."
}

@article{constable85,
author="R. Constable",
title="Constructive Mathematics as a Programming Logic {I}: Some Principles of Theory",
journal="Ann.~of Discrete Mathematics",
volume=24,year=1985
}

@book{nordstrom90,
author="B. Nordstrom and K. Petersson and J. Smith",
title="Programming in {Martin-L\"{o}f's} type theory",
publisher="Oxford University Press",
year=1990
}

@inproceedings{hicks01,
author="Michael Hicks and Jonathan Moore and Scott Nettles",
title="Dynamic Software Updating",
booktitle=PLDI01,
year=2001,
pages="13-23"
}

@inproceedings{deline01,
author="Rober De{L}ine and Manuel F{\"{a}}hndrich",
title="Enforcing High-Level Protocols in Low-Level Software",
booktitle=PLDI01,
year=2001,
pages="59-69"
}

@inproceedings{gay01,
author="David Gay and Alex Aiken",
title="Language Support for Regions",
booktitle=PLDI01,
year=2001,
pages="70-80"
}

@inproceedings{monnier01:gc,
author="Stefan Monnier and Bratin Saha and Zhong Shao",
title="Principled Scavenging",
booktitle=PLDI01,
year=2001,
pages="81-91"
}

@misc{coq00,
author="Gerard Huet and Christine Paulin-Mohring and others",
title="The {Coq} Proof Assistant Reference Manual",
howpublished="The Coq release v6.3.1",
month=may, year=2000
}

@misc{gimenez98,
author="Eduardo Gimenez",
title="A Tutorial on Recursive Types in {Coq}",
month=may, year=1998
}

@techreport{crary01:ltt,
author="Karl Crary and Joseph Vanderwaart",
title="An Expressive, Scalable Type Theory for Certified Code", 
institution="School of Computer Science, Carnegie Mellon Univ.",
address="Pittsburg, PA", number="CMU-CS-01-113",
month=may,year=2001
}

@inproceedings{cervesato96,
author="Iliano Cervesato and Frank Pfenning",
title="A linear logical framework",
booktitle="Proc. 11th" # LICS,
year=1996,
month=jul,
pages="264-275"
}

@inproceedings{necula96,
author="George Necula and Peter Lee",
title="Safe kernel extensions without run-time checking",
booktitle="Proc. 2nd USENIX Symposium on Operating System Design and Impl.", 
year=1996,pages="229-243"
}

@inproceedings{necula97,
author="George Necula",
title="Proof-carrying code",
booktitle=POPL97,
pages="106-119",address="New York",
year=1997,month=jan
}

@phdthesis{necula98:phd,
title = "Compiling with Proofs",
author = "George Necula",
school = CMU,
year = 1998, month=sep, number = "CMU-CS-98-154"}

@inproceedings{necula98,
author="George Necula and Peter Lee",
title="The Design and Implementation of a Certifying Compiler",
booktitle=PLDI98,
year=1998,pages="333-344"
}

@inproceedings{necula01,
title = "Oracle-Based Checking of Untrusted Software",
author = "George C. Necula and S. P. Rahul",
booktitle = POPL01,
Month = jan,
Year = 2001,
Pages="142-154"}

@inproceedings{colby00,
author="Christopher Colby and Peter Lee and George Necula and Fred Blau and Mark Plesko and Kenneth Cline",
title="A Certifying Compiler for {J}ava",
booktitle=PLDI00,
year=2000,
pages="95-107"
}

@inproceedings{xu00,
author="Zhichen Xu and Barton P. Miller and Thomas Reps",
title="Safety Checking of Machine Code",
booktitle=PLDI00,
year=2000,
pages="70-82"
}

@inproceedings{ramsey00,
author="Norman Ramsey and Simon {Peyton Jones}",
title="A Single Intermediate Language That Supports Multiple Implementations of Exceptions",
booktitle=PLDI00,
year=2000,
pages="285-298"
}

@inproceedings{shao02:tscb,
author="Zhong Shao and Bratin Saha and Valery Trifonov and Nikolaos Papaspyrou",
title="A Type System for Certified Binaries",
booktitle=POPL02,
pages="217-232",year=2002,month=jan,
}

@inproceedings{necula02:ccured,
author="George Necula and Scott McPeak and Westley Weimer",
title="{CCured:} Type-Safe Retrofitting of Legacy Code",
booktitle=POPL02,
pages="128-139",year=2002,month=jan
}

@techreport{appel01:msp,
author="Andrew W. Appel and Edward W. Felten",
title="Models for Security Policies in Proof-Carrying Code",
institution = "Princeton Univ., Dept. of Computer Science",
year=2001, month=mar, number="CS-TR-636-01"
}

@inproceedings{neophytos00,
author="Neophytos Michael and Andrew Appel",
title="Machine Instruction Syntax and Semantics in Higher Order Logic",
booktitle="Proc. 17th International Conference on Automated Deduction",
pages="7-24",publisher="Springer Verlag",
year=2000,month=jun
}

@inproceedings{appel00:pcc,
author="Andrew W. Appel and Amy P. Felty",
title="A semantic model of types and machine instructions for proof-carrying code",
booktitle=POPL00,
year=2000,pages="243-253"
}

@article{appel01:indexed,
author="Andrew W. Appel and David A. Mc{A}llester",
title="An Indexed Model of Recursive Types for Foundational Proof-Carrying Code",
journal=TOPLAS,
volume=23,
number=5,
pages="657-683",
year=2001,
month=sep
}

@inproceedings{appel01:fpcc,
author="Andrew W. Appel",
title="Foundational Proof-Carrying Code",
booktitle="Proc. 16th" # LICS,
month=jun,year=2001,pages="247-258"
}

@misc{ahmed00,
author="Amal J. Ahmed",
title="Mutable Fields in a Semantic Model of Types",
howpublished="Talk presented at 2000 PCC Workshop",
year=2000,month=jun
}

@misc{felty00,
author="Amy Felty",
title="Semantic Models of Types and Machine Instructions for Proof-Carrying Code",
howpublished="Talk presented at 2000 PCC Workshop",
year=2000,month=jun
}

@inproceedings{tan06,
author="Gang Tan and Andrew W. Appel",
title="A Compositional Logic for Control Flow",
booktitle="7th International Conference on Verification, Model Checking and Abstract Interpretation (VMCAI'06)",
month=jan, year=2006,  pages="80-94"}

@misc{tan01,
author="Gang Tan",
title="Semantics of Machine Instructions at Multiple Levels of Abstraction",
howpublished="Talk presented at New Jersey Programming Language Seminar",
year=2001,month=may
}

@misc{ahmed01,
author="Amal J. Ahmed and Andrew W. Appel and Roberto Virga",
title="Semantics of~ General References by a Hierarchy of {G}{\"{o}}del Numberings",
howpublished="Available at {\tt www.cs.princeton.edu/\~{}appel/papers}",
year=2001,month=jul
}

@misc{jim01,
author="Trevor Jim and Greg Morrisett and Dan Grossman and Michael Hicks and James Cheney and Yanling Wang",
title="Cyclone: A Safe Dialect of {C}",
howpublished="Available at {\tt www.cs.cornell.edu/home/danieljg}",
year=2001,month=nov
}

@inproceedings{appel00:hoots,
title="Efficient Substitution in Hoare Logic Expressions",
author="Andrew W. Appel and Kedar N. Swadi and Roberto Virga",
booktitle="4th International Workshop on Higher-Order Operational 
Techniques in Semantics (HOOTS 2000)",
month=sep, year=2000, page="35-50",
note="Electronic Notes in Theoretical Computer Science 41(3)",
publisher="Elsevier"}

@misc{swadi01,
author="Kedar N. Swadi and Andrew W. Appel",
title="Typed Machine Language and Its Semantics",
year=2001,month=jul
}

@article{wallach02,
title = "SAFKASI: A Security Mechanism for Language-Based Systems",
author = "Andrew W. Appel and Dan Wallach and Edward W. Felten",
journal = "ACM Transactions on Software Engineering and Methodology",
volume = "(to appear)",
year = 2002}

@inproceedings{league03,
author="Christopher League and Zhong Shao and Valery Trifonov",
title="Precision in Practice: A Type-Preserving {J}ava Compiler",
booktitle="International Conference on Compiler Construction",
year=2003,month=apr
}

@techreport{renesse97,
author="Robbert van Renesse and Ken Birman and Mark Hayden and Alexey Vaysburd a
nd David Karr",
title="Building Adaptive Systems Using {E}nsemble",
number="TR 97-1638", year=1997,
institution="Cornell University, Dept. of Computer Science"
}


@book{schneider:trust,
title="Trust in Cyberspace",
publisher="National Academy Press",
editor = "Schneider, Fred",
year=1999,
address = "Washington, D.C."
}


@article{yorktown,
  author = "Alden M. Hayashi",
  title = "Rough Sailing for Smart Ships",
  journal ="Scientific American",
  year = 1998,
  note = "Available at www.sciam.com/1998/1198issue/1198techbus2.html"
}

@inproceedings{wang:gc,
  author = "Daniel C. Wang and Andrew Appel",
  title = "Type-preserving garbage collectors",
  booktitle = POPL01,
  year = 2001,
  month = jan,
  pages = "166-178",
  address = "London, UK"
}


@article{walker+:capabilities,
  author = "David Walker and Karl Crary and Greg Morrisett",
  title = "Typed Memory Management via Static Capabilities",
  journal = TOPLAS,
  year = 2000,
  month = jul,
  volume = 22,
  number = 4,
  pages = "701-771",
}


@inproceedings{walker+:linear,
  author = "David Walker and Kevin Watkins",
  title = "On Regions and Linear Types",
  booktitle = ICFP01,
  year = 2001,
  month = sep,
  address = "Florence, Italy",
}

@article{girard:linear,
title = "Linear Logic",
author = "Jean-Yves Girard",
journal = "Theoretical Computer Science",
year = 1987,
volume = 50,
pages = "1-102"
}


@article{hayden:jfp,
author = "Mark Hayden",
title = "Distributed Communication in ML",
year = 2000,
month = jan,
journal = {Journal of Functional Programming},
volume = 10,
pages = "91-120"
}

@phdthesis{hayden:thesis,
author = "Mark Hayden",
title = "The Ensemble System",
year = 1998,
month = jan,
school = "Cornell University",
note = "Published as Technical Report TR98-1662",
}

@inproceedings{morrisett+:gc,
  author = "Greg Morrisett and Matthias Felleisen and Robert Harper",
  title = "Abstract Models of Memory Management",
  booktitle =  "{ACM} Conference on Functional Programming and Computer
Architecture",
  month = jun,
  year = 1995,
  pages = "66-77",
  address = "La Jolla"
}

@Article{tofte+:regions,
  author =       {Mads Tofte and Jean-Pierre Talpin},
  title =        "Region-Based Memory Management",
  journal =      {Information and Computation},
  year =         1997,
  volume =       132,
  number =       2,
  pages =        {109-176}
}


@inproceedings{choi+:escape-analysis,
  author = "Jong-Deok Choi and Manish Gupta and Mauricio Serrano and
Vugranam Sreedhar and Sam Midkiff",
  title = "Escape Analysis for Java",
  booktitle = PLDI99,
  year = 1999,
  month = nov,
  address = "Denver, Colorado",
  pages = "1-19",
}


@inproceedings{blanchet+:escape-analysis,
  author = "Bruno Blanchet",
  title = "Escape Analysis for Object-oriented Languages.  Application to
Java",
  booktitle = PLDI99,
  year = 1999,
  month = nov,
  address = "Denver, Colorado",
  pages = "20-34",
}

@misc{saraswat97java,
  author = "V. Saraswat",
  title = "Java is not type-safe",
  note = "Web pages at: http://www.research.att.com/{\char"7E}vj/main.html",
  year = 1997
}

@book{lindholm97,
author="Tim Lindholm and Frank Yellin",
title="The Java Virtual Machine Specification",
publisher="Addison-Wesley",
year=1997
}

@INPROCEEDINGS{hicks00,
  AUTHOR = {Michael Hicks and Stephanie Weirich and Karl Crary},
  TITLE = {Safe and Flexible Dynamic Linking of Native Code},
  MONTH = sep,
  YEAR = 2000,
  ABSTRACT = {
  We present the design and implementation of the first complete framework
  for flexible and safe dynamic linking of native code.  Our approach
  extends Typed Assembly Language with a primitive for loading and
  typechecking code, which is flexible enough to support a variety of
  linking strategies, but simple enough that it does not significantly
  expand the trusted computing base.  Using this primitive, along with the
  ability to compute with types, we show that we can {\em program} many
  existing dynamic linking approaches.  As a concrete demonstration, we have
  used our framework to implement dynamic linking for a type-safe dialect of
  C, closely modeled after the standard linking facility for Unix C
  programs.  Aside from the unavoidable cost of verification, our
  implementation performs comparably with the standard, untyped approach.
  },
  BOOKTITLE = {Proceedings of the {ACM} {SIGPLAN} Workshop on Types in Compilation},
  VOLUME = 2071,
  PUBLISHER = {Springer-Verlag},
  EDITOR = {Robert Harper},
  SERIES = {Lecture Notes in Computer Science},
  URL = {http://www.cis.upenn.edu/~mwh/papers/taldynlink.pdf}
}

@phdthesis{morrisett95, 
author="Greg Morrisett",
title="Compiling with Types",
school="School of Computer Science, Carnegie Mellon University",
address="Pittsburgh, PA",
year=1995,month=dec,
note="Tech Report CMU-CS-95-226"
}

@article{suif96,
author="M.W. Hall and J.M. Anderson and S.P. Amarasinghe and B.R. Murphy and S.W. Liao and E. Bugnion and M.S. Lam",
title="Maximizing Multiprocessor Performance with the {SUIF} Compiler",
journal="IEEE Computer",
year=1996,month=dec
}
 
@inproceedings{vortex96,
author="Jeffery Dean and Greg DeFouw and David Grove and Vassily Litvinov and Craig Chambers",
title="Vortex: An Optimizing Compiler for Object-Oriented Languages",
booktitle="Proc. ACM SIGPLAN Conference on Object-Oriented Programming Systems, Languages, and Applications",
year=1996,month=oct,
pages="83-100"
}

@inproceedings{leroy92,
author="Xavier Leroy",
title="Unboxed objects and polymorphic typing",
booktitle=POPL92,
year=1992,month=jan,
pages="177-188"
}

@techreport{harper96,
author="Robert Harper and Chris Stone",
title="A Type-Theoretic Account of {Standard ML} 1996 (Version 2)",
institution = "School of Computer Science, Carnegie Mellon University",
address="Pittsburgh, PA",number="CMU-CS-96-136R",year=1996,
month=sep
}

@inproceedings{saha98,
author="Bratin Saha and Zhong Shao",
title="Optimal Type Lifting",
booktitle="Proc. 1998 International Workshop on Types in Compilation",
series="LNCS",
volume=1473,
publisher=SPRINGER,address="Kyoto, Japan",
editor="Xavier Leroy and Atsushi Ohori",
pages="156-177",month=mar,year=1998
}

@inproceedings{shao97:dsl,
author="Zhong Shao",
title="Typed Common Intermediate Format",
booktitle="Proc. 1997 USENIX Conference on Domain Specific Languages",
pages="89-102",month=oct,year=1997
}

@inproceedings{saha00:erasure,
author="Bratin Saha and Valery Trifonov and Zhong Shao",
title="Fully Reflexive Intensional Type Analysis with Type Erasure Semantics",
booktitle="Proc. 2000 ACM SIGPLAN Workshop on Types in Compilation",
publisher="Published as CMU School of Computer Science Technical Report",
month=sep,year=2000
}

@article{league01:fj,
  author =       {Christopher League and Zhong Shao and Valery Trifonov},
  title =        {Type-Preserving Compilation of {Featherweight Java}},
  journal =      TOPLAS,
  volume =       24,
  number =       2,
  year =         2002,
  month =        mar,
  pages =        {112-152}
}

@inproceedings{wagner00,
title = "A First Step Towards Automated Detection of Buffer Overrun Vulnerabilities",
author = "David Wagner and Jeffrey S. Foster and Eric A. Brewer and Alexander Aiken",
booktitle = "Network and Distributed System Security Symposium",
year=2000,
publisher="The Internet Society",
address="isoc.org"}

@incollection{dean97,
title="{J}ava Security: Web Browsers and Beyond",
author="Drew Dean and Edward W. Felten and Dan S. Wallach and Dirk Balfanz",
booktitle="Internet Beseiged: Countering Cyberspace Scofflaws",
editor="Dorothy E. Denning and Peter J. Denning",
publisher="ACM Press",
year=1997,
pages="241-269"}

@inproceedings{fernandez97,
title="Automatic checking of instruction specifications",
author="Mary F. Fernandez and Norman Ramsey",
booktitle="Proceedings of the International Conference on Software Engineering",
year=1997,
month=may,
pages="326-336"}

@inproceedings{morrisett98:stal,
author = "Greg Morrisett and Karl Crary and Neal Glew and David Walker",
title = "Stack-Based Typed Assembly Language",
booktitle = "Proc. Second Int'l Workshop on Types in Compilation ({TIC'98})",
series = "LNCS",
volume = 1473,
pages="28-52",
year = 1998,
month =	mar,
address = "Kyoto, Japan"
}

@inproceedings{walker00:alias-rec,
author = "David Walker and Greg Morrisett",
title = "Alias Types for Recursive Data Structures",
booktitle = "2000 ACM SIGPLAN Workshop on Types in Compilation",
year = 2000,
month = sep,
address = "Montr\'eal, Canada"
}

@article{bruce99,
 author = "Kim Bruce and Luca Cardelli and Benjamin Pierce",
 title = "Comparing Object Encodings",
 journal = "Information and Computation",
 volume = 155,
 number = "1/2",
 year =	1999,
 month = dec,
 pages = "108-133"
}

@inproceedings{franz97,
author="Michael Franz",
title="Beyond {J}ava: An infrastructure for high-performance mobile code on the world-wide web",
booktitle="WebNet'97, World Conference of the WWW, Internet, and Intranet",
publisher="Association for the Advancement of Computing in Education",
year=1997,month=oct,
pages="33-38"
}

@inproceedings{lucco96,
author="Ali-Reza Adl-Tabatabai and Geoff Langdale and Steven Lucco and Robert Wahbe",
title="Efficient and Language-Independent Mobile Programs",
booktitle=PLDI96,
year=1996,pages="127-136"
}

@inproceedings{heintze98,
author="Nevin Heintze and Jon G. Riecke",
title="The {SLam} Calculus: Programming with Secrecy and Integrity",
booktitle=POPL98,
year=1998,month=jan,
pages="365-377"
}

@inproceedings{leroy98,
author="Xavier Leroy and Francois Rouaix",
title="Security properties of typed applets",
booktitle=POPL98,
year=1998,month=jan,
pages="391-403"
}

@misc{crary00:concert,
author="Karl Crary and Robert Harper and Frank Pfenning and Peter Lee",
title="The Concert Project: Certified Code for Grid Computing",
month=jan, year=2001
}

@inproceedings{Yu02,
  author = "Dachuan Yu and Valery Trifonov and Zhong Shao",
  title = "Type-preserving compilation of {Featherweight IL}",
  booktitle = "Proc. the ECOOP Workshop on Formal Techniques for Java-like Programs",
  year = 2002
}

@inproceedings{Yu03,
  author = "Dachuan Yu and Nadeem A. Hamid and Zhong Shao",
  title = "Building Certified Libaries for {PCC}: Dynamic Storage Allocation",
  booktitle = "Proc. 2003 European Symposium on Programming (ESOP'03)",
  month = apr,
  year = 2003,
  series = "LNCS",
  volume = 2618,
  pages = "363-379",
  publisher = SPRINGER
}

@inproceedings{ahmed02,
author="Amal J. Ahmed and Andrew W. Appel and Roberto Virga",
title="A Stratified Semantics of General References Embeddable in a Higher-Order Logic",
booktitle=LICS02,
pages="75-88",
year=2002,month=jul
}

@InProceedings{Trifonov99,
  author = 	 {Valery Trifonov and Zhong Shao},
  title = 	 {Safe and Principled Language Interoperation},
  booktitle = 	 "Proc. 1999" # ESOP,
  series = "LNCS",
  volume = 1576,
  pages = "128-146",
  year = 	 1999,
  month =	 mar,
  publisher = SPRINGER
}

@inproceedings{flanagan02,
  author = "Cormac Flanagan and Stephen N. Freund and Shaz Qadeer",
  title = "Thread-Modular Verification for Shared-Memory Programs",
  booktitle = "Proc. 2002" # ESOP,
  series = "LNCS",
  volume = 2305,
  pages = "262-276",
  year = 2002,
  month = mar,
  publisher = SPRINGER
}

@inproceedings{charpentier99,
  author = "Michel Charpentier and K. Mani Chandy",
  title = "Towards a Compositional Approach to the Design and Verification of Distributed Systems",
  booktitle = "Proc. of the World Congress on Formal Methdos in the Development of Computing Systems (FM'99)",
  series = "LNCS",
  volume = 1708,
  pages = "570-589",
  year = 1999,
  mon = sep,
  publisher = SPRINGER
}

@article{Lamport:TLA,
  author = "Leslie Lamport",
  title = "The Temporal Logic of Actions",
  journal = TOPLAS,
  volume = 16,
  number = 3,
  pages = "872-923",
  year = 1994
}

@InProceedings{league01:lamjvm,
  author =       {Christopher League and Valery Trifonov and Zhong Shao},
  title =        {Functional {Java} Bytecode},
  booktitle =    {Proc. 5th World Conf. on Systemics, Cybernetics, and Informatics},
  year =         2001,
  month =        jul,
  note =         {Workshop on Intermediate Representation Engineering for the Java Virtual Machine}
}

@inproceedings{ishtiaq01,
  author = "Samin Ishtiaq and Peter W. O'Hearn",
  title = "{BI} as an Assertion Language for Mutable Data Structures",
  booktitle = POPL01,
  pages = "14-26",
  year = 2001,
  month = jan
}

@techreport{yu03:cdsatr,
  author = "Dachuan Yu and Nadeem A. Hamid and Zhong Shao",
  title = "Building Certified Libraries for {PCC}: Dynamic Storage Allocation",
  institution = "Dept. of Computer Science, Yale Univeristy",
  address= "New Haven, CT",
  number="YALEU/DCS/TR-1247",
  month= jan,
  year= "2003"
}

@misc{flint02cdsa,
author = "{The FLINT Project}",
title = "Coq Implementation for Certified Dynamic Storage Allocation",
howpublished = "\url{http://flint.cs.yale.edu/flint/publications/cdsa.html}",
year = 2002,
month = oct
}

@misc{filliatre01ver,
author = "Jean-Christophe Filli\^atre",
title = "Verification of Non-Functional Programs using Interpretations in Type Theory",
howpublished = "Journal of Functional Programming (to appear)",
year = 2001
}

@misc{filliatre02why,
author = "Jean-Christophe Filli\^atre",
title = "The {WHY} Certification Tool, Tutorial and Reference Manual",
howpublished = "\url{http://why.lri.fr/}",
year = 2002,
month = jul
}

@article{floyd67,
author = "Robert W. Floyd",
title = "Assigning Meaning to Programs",
journal = "Communications of the {ACM}",
year = 1967,
month = oct
}

@article{hoare71,
author = "C. A. R. Hoare",
title = "Proof of A Program: {FIND}",
journal = "Communications of the {ACM}",
year = 1971,
month = jan
}


@inproceedings{jim02cyclone,
  author = "Trevor Jim and Greg Morrisett and Dan Grossman and Michael Hicks and James Cheney and Yanling Wang",
  title = "Cyclone: A Safe Dialect of {C}",
  booktitle = "USENIX Annual Technical Conference",
  month = jun,
  year = "2002"
}

@book{kernighanrichie88,
author="Brian W. Kernighan and Dennis M. Ritchie",
title="The C Programming Language (Second Edition)",
publisher="Prentice Hall",
year="1988"
}

@book{knuth:artvol1,
author="Donald E. Knuth",
title="The Art of Computer Programming (Second Edition)",
volume="1",
publisher="Addison-Wesley",
year="1973"
}

@inproceedings{necula02ccured,
    author = "George C. Necula and Scott McPeak and Westley Weimer",
    title = "{CCured}: Type-Safe Retrofitting of Legacy Code",
    booktitle = "Symposium on Principles of Programming Languages",
    pages = "128-139",
    year = "2002",
    url = "citeseer.nj.nec.com/necula02ccured.html" }

@inproceedings{paul95dynamic,
    author = "Wilson, Paul R. and Johnstone, Mark S. and Neely, Michael and Boles, David",
    title = "Dynamic Storage Allocation: A Survey and Critical Review",
    booktitle = "Proc.\ Int.\ Workshop on Memory Management",
    address = "Kinross Scotland (UK)",
    year = "1995",
    url = "citeseer.nj.nec.com/wilson95dynamic.html" }

@Article{palsberg97:_trust,
  author =       {Jens Palsberg and Peter {\O}rb{\ae}k},
  title =        {Trust in the $\lambda$-calculus},
  journal =      {Journal of Functional Programming},
  year =         1997,
  volume =       7,
  number =       6,
  pages =        {557-591},
  month =        nov
}

@book{albahari01,
  author = "Ben Albahari and Peter Drayton and Brad Merrill",
  title = "C\# Essentials",
  publisher = "O'Reilly and Associates",
  year = "2001"
}

@book{levine00,
author="John R. Levine",
title="Linkers and Loaders",
publisher="Morgan Kaufmann Publishers",
year="2000"
}

@book{lindholm99,
author="Tim Lindholm and Frank Yellin",
title="The {J}ava Virtual Machine Specification (Second Edition)",
publisher="Addison-Wesley",
year="1999"
}

@inproceedings{ou2005mulval,
  title={MulVAL: A logic-based network security analyzer},
  author={Ou, X. and Govindavajhala, S. and Appel, A.W.},
  booktitle={Proceedings of the 14th conference on USENIX Security Symposium-Volume 14},
  pages={8--8},
  year={2005},
  organization={USENIX Association}
}

@inproceedings{dockins09:aplas,
title="A Fresh Look at Separation Algebras and Share Accounting",
author="Robert Dockins and Aquinas Hobor and Andrew W. Appel",
booktitle="7th Asian Symposium on Programming Languages and Systems (APLAS 2009)",
pages="161-177",
month=dec,
year=2009}
                  
@article{appel11:seals,
 author = {Appel, Andrew W.},
 title = {Security Seals on Voting Machines: A Case Study},
 journal = {ACM Trans. Inf. Syst. Secur.},
 issue_date = {September 2011},
 volume = {14},
 number = {2},
 month = sep,
 year = {2011},
 issn = {1094-9224},
 pages = {18:1--18:29},
 articleno = {18},
 numpages = {29},
 url = {http://doi.acm.org/10.1145/2019599.2019603},
 doi = {10.1145/2019599.2019603},
 acmid = {2019603},
 publisher = {ACM},
 address = {New York, NY, USA},
} 


                  
@inproceedings{appel2009new,
  title={The New Jersey voting-machine lawsuit and the AVC Advantage DRE voting machine},
  author={Appel, A.W. and Ginsburg, M. and Hursti, H. and Kernighan, B.W. and Richards, C.D. and Tan, G. and Venetis, P.},
  booktitle={Proceedings of the 2009 conference on Electronic voting technology/workshop on trustworthy elections},
  pages={5--5},
  year={2009},
  organization={USENIX Association}
}
                  
@inproceedings{govindavajhala2003using,
  title={Using memory errors to attack a virtual machine},
  author={Govindavajhala, S. and Appel, A.W.},
  booktitle={Security and Privacy, 2003. Proceedings. 2003 Symposium on},
  pages={154--165},
  year={2003},
  organization={IEEE}
}

                  
@inproceedings{appel91:sml,
Title = "{S}tandard {ML} of {N}ew {J}ersey",
Author = "Andrew W. Appel and David B. MacQueen",
Booktitle = "3rd International Symp. on Prog. Lang. Implementation and Logic Programming",
Editor="Martin Wirsing",
Publisher="Springer-Verlag",address="New York",
Month = aug,
Year = "1991",
pages="1-13"
}

@InProceedings{benton98:_compil_stand_ml_java_bytec,
  author =       {Nick Benton and Andrew Kennedy and George Russell},
  title =        {Compiling {Standard ML} to {Java} Bytecodes},
  booktitle =    ICFP98,
  pages =        {129-140},
  year = "1998",
  abstract =     {MLJ compiles SML'97 into verifier-compliant Java
                  bytecodes. Its features include type-checked
                  inter-language working extensions which allow ML and
                  Java code to call each other, automatic
                  re-compilation management, compact compiled code and
                  runtime performance which, using a `just in time'
                  compiling Java virtual machine, usually exceeds that
                  of existing specialized bytecode interpreters for
                  ML. Notable features of the compiler itself include
                  whole-program optimization based on rewriting,
                  compilation of polymorphism by specialization, a
                  novel monadic intermediate language which expresses
                  effect information in the type system and some
                  interesting data representation choices.}
}

@inproceedings{diwan92,
  author="Amer Diwan",
  title="Compiler support for garbage collection in a statically typed language",
  booktitle="Proc. ACM SIGPLAN '92 Conf. on Prog. Lang. Design and Implementation",
  publisher="ACM Press",address="New York",year="1992",month=jun
}

@InProceedings{DiwanMM1998,
  title =        "Type-Based Alias Analysis",
  author =       "Amer Diwan and Kathryn S. McKinley and J. Eliot B.
                 Moss",
  booktitle =    "Proceedings of the {ACM} {SIGPLAN}'98 Conference on
                 Programming Language Design and Implementation
                 ({PLDI})",
  address =      "Montreal, Canada",
  month =        jun,
  year =         "1998",
  pages =        "106--117"
}

@inproceedings{gordon01typing,
    author = "Andrew D. Gordon and Don Syme",
    title = "Typing a multi-language intermediate code",
    booktitle = POPL01,
    address = "London, United Kingdom",
    pages = "248-260",
    year = "2001",
    month = jan
}

@inproceedings{Gupta:2000:OJP,
  author =       "Manish Gupta and Jong Choi and Michael Hind",
  title =        "Optimizing {Java} Programs in the Presence of
                 Exceptions",
  booktitle =      "Proc. 14th European Conf. on Object-Oriented Program",
  year =         "2000",
  month = jun
}

@inproceedings{hamid02,
  author="Nadeem Abdul Hamid and Zhong Shao and Valery Trifonov
          and Stefan Monnier and Zhaozhong Ni",
  title="A Syntactic Approach to Foundational Proof-Carrying Code",
  year=2002,
  month=jul,
  booktitle="Proc. Seventeenth Annual IEEE Symposium on Logic In Computer Science (LICS'02)"
}

@inproceedings{heintze98slam,
    author = "Nevin Heintze and Jon G. Riecke",
    title = "The {SLam} calculus: programming with secrecy and integrity",
    booktitle = "Conference record of {POPL} '98: the 25th {ACM} {SIGPLAN-{SIGACT}} Symposium on Principles of Programming Languages",
    publisher = "ACM Press",
    address = "New York, NY, USA",
    editor = "ACM",
    isbn = "0-89791-979-3",
    pages = "365--377",
    year = "1998",
    month = jan,
    url = "citeseer.nj.nec.com/article/heintze98slam.html"
}

@inproceedings{hennessy99typesafe,
    author = "Matthew Hennessy and James Riely",
    title = "Type-Safe Execution of Mobile Agents in Anonymous Networks",
    booktitle = "Secure Internet Programming: Proceedings of 4th Workshop on
    Mobile Object Systems",
    pages = "95-115",
    year = "1998",
    publisher="Springer-Verlag",
    url = "citeseer.nj.nec.com/hennessy98typesafe.html"
}

@InProceedings{league01:_type_preser_compil_feath_java,
  author =       {Christopher League and Valery Trifonov and Zhong Shao},
  title =        {Type-Preserving Compilation of {Featherweight} {Java}},
  booktitle =    {Foundations of Object-Oriented Languages (FOOL8)},
  year =         2001,
  address =      {London},
  month =        jan
}

@misc{league02,
author="Christopher League and Zhong Shao and Valery Trifonov",
title="Precision in Practice: A Type-Preserving {Java} Compiler",
howpublished="Technical Report {YALEU/DCS/TR-1223}",
publisher = "Department of Computer Science, Yale University",
year="2002",month=mar
}

@inproceedings{leroy98security,
    author = "Xavier Leroy and Fran\c{c}ois Rouaix",
    title = "Security properties of typed applets",
    booktitle = "Conference Record of {POPL} 98: The 25TH {ACM} {SIGPLAN}-{SIGACT} Symposium on Principles of Programming Languages",
    publisher = "ACM Press",
    address = "New York, NY",
    pages = "391--403",
    year = "1998",
    month = jan,
    url = "citeseer.nj.nec.com/leroy99security.html"
}

@InProceedings{odersky97:_pizza_java,
  author =       {Martin Odersky and Philip Wadler},
  title =        {{Pizza} into {Java}: Translating Theory into
                  Practice},
  booktitle =     POPL97,
  year =         "1997",
  pages =        {146-159},
  note =
                  {\url{http://cm.bell-labs.com/cm/cs/who/wadler/pizza/Docs/}},
  abstract =     {Pizza is a strict superset of Java that incorporates
                  three ideas from the academic community: parametric
                  polymorphism, higher-order functions, and algebraic
                  data types. Pizza is defined by translation into
                  Java and compiles into the Java Virtual Machine,
                  requirements which strongly constrain the design
                  space. Nonetheless, Pizza fits smoothly to Java,
                  with only a few rough edges.}
}

@InProceedings{syme01ilx,
  author =       {Don Syme},
  title =        {{ILX:} Extending the {.NET Common IL} for Functional Language Interoperability},
  booktitle =    {Proc. {BABEL} Workshop on Multi-Language Infrastructure and Interoperability},
  year =         2001,
  organization = {ACM}
}

@misc{dotnetweb,
  author = "{Microsoft Corporation}",
  title = "Microsoft {.NET}",
  howpublished = "http://www.microsoft.com/net/",
  year = "2002"
}

@TechReport{remy93:_syntac_theor_algebra_record_terms,
  author =       {Didier R{\'e}my},
  title =        {Syntactic theories and the algebra of record terms},
  institution =  {INRIA},
  year =         1993,
  number =       {1869},
}

@techreport{yu02:filtr,
  author = "Dachuan Yu and Valery Trifonov and Zhong Shao",
  title = "Type-Preserving Compilation of {Featherweight} {IL}",
  institution = "Dept. of Computer Science, Yale Univeristy",
  address= "New Haven, CT",
  number="YALEU/DCS/TR-1228",
  month= may,
  year= "2002",
  note = {\url{http://flint.cs.yale.edu/}}
}

@Unpublished{ecma:cli,
  author =       {{Microsoft Corp., \textit{et al.}}},
  title =        {Common Language Infrastructure},
  note =         {Drafts of the ECMA TC39/TG3 standardization process. \url{http://msdn.microsoft.com/net/ecma/}},
  year = "2001"
}

@Unpublished{web:pljvm,
  author =       {Robert Tolksdorf},
  title =        {Programming Languages for the {Java Virtual Machine}},
  note =         {\url{http://flp.cs.tu-berlin.de/~tolk/vmlanguages.html}}
}

@unpublished{reynolds00:tandil,
author = "Reynolds, John C.",
title = "Lectures on Reasoning about Shared Mutable Data Structure",
note = "{\rm IFIP Working Group 2.3 School/Seminar on State-of-the-Art Program Design Using Logic, Tandil, Argentina, September 6-13}",
year = "2000",
comments = "The file named below contains the slides used for the lecture"
}

@misc{pvs93,
  author = "S. Owre and N. Shankar and J. Rushby",
  title = "User Guide for the PVS Specification and Verification System",
  howpublished = "Computer Science Laboratory, SRI International, Menlo Park, CA",
  month= feb,
  year = "1993"
}

@book{unity88,
author="Mani Chandy and Jayadev Misra",
title="Parallel Program Design",
publisher="Addison-Wesley, Reading, Mass.",
year="1988"
}

@book{boyer88,
author="R. S. Boyer and J. S. Moore",
title="A Computational Logic Handbook",
publisher="Academic Press, New York",
year="1988"
}

@book{piton96,
author="J. S. Moore",
title="Piton: A Mechanically Verified Assembly-Level Language",
publisher="Kluwer Academic Publishers",
year="1996"
}

@InProceedings{twelf99,
  author =       "Frank Pfenning and Carsten Sch{\"u}rmann",
  title =        "System Description: Twelf --- A Meta-Logical Framework for
                  Deductive Systems",
  editor =       "H. Ganzinger",
  pages =        "202--206",
  booktitle =    "Proceedings of the 16th International Conference on
                  Automated Deduction (CADE-16)",
  year =         1999,
  publisher =    "Springer-Verlag LNAI 1632",
  address =      "Trento, Italy",
  month =        jul,
  keywords =     "LF, Elf",
  urlps =        "http://www.cs.cmu.edu/~fp/papers/cade99.ps.gz"
}


@inproceedings{crary02:ltt,
author="Karl Crary and Joseph Vanderwaart",
title="An Expressive, Scalable Type Theory for Certified Code", 
booktitle=ICFP02,
pages="191-205",year=2002
}


@inproceedings{wahbe93,
author="R. Wahbe and S. Lucco and T. E. Anderson and S. L. Graham",
title="Efficient Software-Based Fault Isolation",
publisher="ACM Press", address="New York",
booktitle = "Proc. 1993 ACM Symposium on Operating System Principles (SOSP)",
month="Decemeber",year="1993",pages="203-216"
}


@inproceedings{erlingsson99,
author="U. Erlingsson and F. B. Schneider",
title="SASI Enforcement of Security Policies: A Retrospective",
publisher="ACM Press", address="New York",
booktitle = "Proc. of the New Security Paradigm Workshop",
month="September",year="1999",pages="87-95"
}

@article{Harper93jacm,
author="R. Harper and F. Honsell and G. Plotkin",
title="A Framework for Defining Logics",
journal="Journal of the ACM",
volume="40",number="1",year="1993",
pages="143--184"
}

@phdthesis{Schurmann00phd,
author="Carsten Sch{\"u}rmann",
title="Automating the Meta Theory of Deductive Systems",
school="School of Computer Science, Carnegie Mellon University",
address="Pittsburgh, PA",
year=2000,month=oct,
note="Tech Report CMU-CS-00-146"
}

@article{jones83,
author="Cliff B. Jones",
title = "Tentative steps toward a development method for interfering programs",
journal=TOPLAS,
volume=5,
number=4,
pages="596--619",
month= oct,
year=1983
}

@inproceedings{kumar01,
author="Sanjeev Kumar and Yitzhak Mandelbaum and Xiang Yu and Kai Li",
title="ESP: A Language for Programmable Devices",
booktitle=PLDI01,
year=2001,
pages="309-320"
}

@inproceedings{merillon00,
author="F. Merillon and L. Reveillere and C. Consel and R. Marlet and G. Muller",
title="Devil: An IDL for Hardware Programming",
booktitle="Proc. 4th USENIX Symposium on Operating System Design and Impl.", 
year=2000,pages="17-30"
}

@inproceedings{chou01,
author="Andy Chou and Jun-Feng Yang and Benjamin Chelf and Seth Hallem and Dawson Engler",
title="An Empirical Study of Operating System Errors",
publisher="ACM Press", address="New York",
booktitle = "Proc. 2001 ACM Symposium on Operating System Principles (SOSP)",
month="October",year="2001",pages="73-88"
}

@inproceedings{thibault97,
author="Scott Thibault and Renaud Marlet and Charles Consel",
title="A Domain Specific Language for Video Device Drivers: from Design to Implementation",
booktitle="Proc. 1997 USENIX Conference on Domain Specific Languages",
pages="11-26",month=oct,year=1997
}


@misc{conway03,
  author = "Christopher Conway",
  title = "NDL: The Newwork Device Language",
  howpublished = "{\tt{}http://www.cs.columbia.edu/~conway/ndl}",
  month= feb,
  year = "1993"
}


@misc{logosphere03,
  author = "Carsten Sch{\"u}rmann and Frank Pfenning and Michael Kohlhase and Natarajan Shankar and Sam Owre",
  title = "Logosphere: A Foraml Digital Library",
  howpublished = "{\tt{}http://www.logosphere.org/}",
  month= oct,
  year = "2003"
}

@misc{programatica03,
  author = "James Hook and Mark Jones and Richard Kieburtz and John Matthews and Peter White",
  title = "Programatica: Integrating Programming, Properties, and Validation",
  howpublished = "{\tt{}http://www.cse.ogi.edu/PacSoft/projects/programatica.html}",
  month= apr,
  year = "2003"
}

@inproceedings{cowan98,
author="Crispin Cowan and Calton Pu and David Maier and Heather Hinton and Jonathan Walpole and Peat Bakke and Steve Beattie and Aaron Grier and Perry Wagle and Qian Zhang",
title="StackGuard: Automatic Detection and Prevention of Buffer-Overflow Attacks",
booktitle="Proc. 7th USENIX Security Symposium",
pages="89-102",month=jan,year=1998
}

}

@misc{ipf00v2,
author="Intel",
title="Intel {I}tanium Architecture Software Developer's Manual, Volume 2: System Architecture",
howpublished="(http:developer.intel.com/design/itanium)",
year=2000
}

@misc{ipfmo02, 
author="Intel",
title="A Formal Specification of Intel Intanium Processor Family Memory Ordering",
howpublished="Application Note",
year=2002,
month=oct
}

@inproceedings{rinard01,
author="Martin Rinard",
title="Analysis of Multithreaded Programs",
booktitle="Proceedings of the 8th Static Analysis Symposium",
address="Paris, France",year="2001",month="July"
}

@article{lee01,
author="Jaejin Lee and David A. Padua",
title="Hiding Relaxed Memory Consistency with a Compiler",
year=2001,month=aug,
journal="IEEE Transactions on Computers",
volume=50,number=8
}

@inproceedings{praun03,
author="Christoph von Praun and Thomas R. Gross",
title="Static Conflict Analysis for Multi-Threaded Object-Oriented Programs",
booktitle=PLDI03,
year=2003,
pages="115-128"
}

@inproceedings{arvind95,
author="A. Krishnamurthy and K. Yelick",
title="Optimizing Parallel Programs with Explicit Synchronization",
booktitle=PLDI95,
year=1995,
month=jun,
pages="196-204"
}


@inproceedings{polytypic99
   ,author={Patrik Jansson and Johan Jeuring}
   ,title={Polytypic Compact Printing and Parsing}
   ,booktitle={Proceedings of European Symposium on Programming}
   ,publisher={}
   ,year=1999}

@TechReport{dance-TR
   ,author={Liwen Huang and Paul Hudak}
   ,title={Dance: A Language for Humanoid Robot Motion}
   ,institution =  "Yale University, Department of Computer Science"
   ,month =        "July"
   ,year =         2003
   ,number =       "YALEU/DCS/RR-1253"}

@inproceedings{AFP2002
   ,author={Paul Hudak and Antony Courtney and Henrik Nilsson and
            John Peterson}
   ,title={Robots, Arrows, and Functional Reactive Programming}
   ,booktitle={Summer School on Advanced Functional Programming,
               Oxford University}
   ,publisher={Springer Verlag, LNCS 2638}
   ,year=2003}

@inbook{dsl-little-languages
     ,author={Paul Hudak}
     ,title={Domain Specific Languages}
     ,booktitle={Handbook of Programming Languages,
                 Vol.\ III: Little Languages and Tools}
     ,chapter=3
     ,pages={39-60}
     ,editors={Peter H.\ Salas}
     ,year=1998
     ,publisher={MacMillan, Indianapolis}
     }

@book{soe
     ,author={Paul Hudak}
     ,title={The Haskell School of Expression --
             Learning Functional Programming through Multimedia}
     ,publisher={Cambridge University Press}
     ,address={New York}
     ,year=2000
     }

@inproceedings{icra99
     ,author={John Peterson and Gregory Hager and Paul Hudak}
     ,title={A Language for Declarative Robotic Programming}
     ,booktitle={International Conference on Robotics and Automation}
     ,year=1999
     ,pages={}
     }

@inproceedings{dsel-reuse-98
     ,author={Paul Hudak}
     ,title={Modular Domain Specific Languages and Tools}
     ,booktitle={Proceedings of Fifth International Conference
                 on Software Reuse}
     ,organization={IEEE Computer Society}
     ,year=1998
     ,month=Jun
     ,pages={134-142}
     }

@article{dsls-on-line
     ,author={Hudak, P.}
     ,title={Building Domain Specific Embedded Languages}
     ,journal={ACM Computing Surveys}
     ,volume={28A}
     ,month=Dec
     ,year=1996
     ,pages={(electronic)}
     }

@inproceedings{Fran
     ,author={Conal Elliott and Paul Hudak}
     ,title={Functional Reactive Animation}
     ,booktitle={International Conference on Functional Programming}
     ,month=Jun
     ,year=1997
     ,pages={263--273}
     }

@article{haskore
     ,author={Paul Hudak and Tom Makucevich and
              Syam Gadde and Bo Whong}
     ,title={Haskore Music Notation -- An Algebra of Music}
     ,month=May
     ,year=1996
     ,volume=6
     ,number=3
     ,pages={465--483}
     ,journal={Journal of Functional Programming}
     }

@article{haskell
     ,author="Hudak, P. and Peyton Jones, S. and Wadler (editors), P."
     ,title="Report on the {P}rogramming {L}anguage {H}askell,
       {A} {N}on-strict {P}urely {F}unctional {L}anguage ({V}ersion 1.2)"
     ,journal="ACM SIGPLAN Notices"
     ,volume=27
     ,number=5
     ,month=May
     ,year=1992
     }

@inbook{haskore-fop
     ,author={Paul Hudak}
     ,title={Describing and Interpreting Music in Haskell}
     ,booktitle={The Fun of Programming}
     ,chapter=4
     ,editors={Jeremy Gibbons and Oege de Moor}
     ,year=2003
     ,publisher={Palgrave}
     }

@TechReport{Schurmann04tr,
  author = 	 {Carsten Sch{\"u}rmann},
  title = 	 {Delphin: Toward programming with logical frameworks},
  institution =  {Yale University, Department of Computer Science},
  year = 	 2004,
  number =	 {YALEU/DCS/TR-1272},
  address =	 {New Haven, CT, USA}
}

@InProceedings{Schurmann01csl,
  author =       {Carsten Sch{\"u}rmann},
  title =        {Recursion for higher-order encodings},
  booktitle =    {Proceedings of the Conference on Computer Science Logic (CSL
  2001)},
  pages =        {585--599},
  year =         2001,
  editor =       {Laurent Fribourg},
  address =      {Paris, France},
  month =        {August},
  publisher =    {Springer Verlag LNCS 2142}
}

@InProceedings{Schurmann01lpar,
  author =       {Carsten Sch{\"u}rmann},
  title =        {A type-theoretic approach to induction with higher-order encodings},
  booktitle =    {Proceedings of the Conference on Logic for Programming,
Artificial Intelligence and Reasoning(LPAR
  2001)},
  year =         2001,
  pages =        "266-281",
  address =      {Havana, Cuba},
  publisher =    {Springer Verlag LNAI 2250}
}

@Article{Schurmann02lfm,
  author = 	 {Carsten Sch{\"u}rmann and Serge Autexier},
  title = 	 {Towards Proof Planning for {$\mathcal{M}_{\omega}^+$}},
  Journal = 	 {Electronic Notes in Theoretical Computer Science},
  year =	 2002,
  volume =	 70,
  number =	 2
}

@book{Paulson:Isabelle,
	author = {Lawrence C. Paulson},
	title = {Isabelle: A Generic Theorem Prover},
	series = {Lecture Notes in Computer Science},
	volume = 828,
	publisher = {Springer-Verlag},
	year = 1994
}

@TechReport{Luo92,
  author = 	"Zhaohui Luo and Robert Pollack",
  title = 	"The {LEGO} Proof Development System: A User's Manual",
  institution = 	"University of Edinburgh",
  month =	may,
  year = 	"1992",
  number = 	"ECS-LFCS-92-211",
  keywords =	"misc"
}
@InCollection{Magnusson94,
  author =	"Lena Magnusson and Bengt Nordstr{\"o}m",
  title =	"The {ALF} Proof Editor and Its Proof Engine",
  booktitle =	"Types for Proofs and Programs",
  publisher =	"Springer-Verlag LNCS 806",
  year =	1994,
  editor =	"Henk Barendregt and Tobias Nipkow",
  pages =	"213--237",
  keywords = 	"ALF"
}

@Book{Constable86,
  author =	"Robert L. Constable and others",
  title	=	"Implementing Mathematics with the Nuprl Proof Development
		  System",
  publisher =	"Prentice-Hall",
  address =	"Englewood Cliffs, New Jersey",
  year =	"1986",
  keywords = 	"misc"
}


@InProceedings{frp-1st,
   author =   {Zhanyong Wan and Paul Hudak},
   title =   {Functional Reactive Programming from First Principles},
   booktitle =   {Proceedings of the ACM SIGPLAN '00 Conference on
                  Programming Language Design and Implementation (PLDI)},
   pages =   {242--252},
   year =   {2000},
   address =   {Vancouver, BC, Canada},
   month =   {June},
   organization = {ACM},
   publisher = {ACM Press}
}
@InProceedings{Birman00,
  author = 	 {Ken Birman and Robert Constable and Mark Hayden and Christopher Kreitz and Ohad Rodeh and Robbert van Renesse and Werner Vogels},
  title = 	 {The Horus and Ensemble Projects: Accomplishments and Limitations},
  booktitle =	 {Proceedings of the DARPA Information Survivability Conference and Exposition (DISCEX '00)},
  year =	 2000,
  address =	 {Hilton Head, South Carolina},
  month =	 {January}
}

@inproceedings{PVS-CADE92,
	AUTHOR = {S. Owre and J. M. Rushby and N. Shankar},
	TITLE = {{PVS}: A Prototype Verification System},
	BOOKTITLE = {11th International Conference on Automated Deduction},
	MONTH = jun,
	YEAR = 1992,
	EDITOR = {Deepak Kapur},
	ADDRESS = {Saratoga, NY},
	VOLUME = 607,
	PAGES = {748--752}
}


@InProceedings{Vis02.gpce,
   author =    {Eelco Visser},
   title =     {Meta-Programming with Concrete Object Syntax},
   booktitle = {Generative Programming and Component Engineering (GPCE'02)},
   pages =     {299--315},
   year =      2002,
   editor =    {Don Batory and Charles Consel and Walid Taha},
   volume =    2487,
   series =    {Lecture Notes in Computer Science},
   address =   {Pittsburgh, PA, USA},
   month =     {October},
   publisher = {Springer-Verlag}
}

@phdthesis{aasaphd92
     ,author={Aasa, A.}
     ,title={User Defined Syntax}
     ,school={Chalmers University of Technology}
     ,address={Goteborg, Sweden}
     ,year=1992
     }

@phdthesis{visser-phd
     ,author={Eelco Visser}
     ,title={Syntax Definition for Language Prototyping}
     ,school={University of Amsterdam}
     ,year=1997
     }

@phdthesis{espinosa:thesis
     ,author={David Espinosa}
     ,title={Semantic Lego}
     ,school={Columbia University}
     ,year=1995
     }

@InProceedings{liang-hudak:modular-semantics,
   author =      "Sheng Liang and Paul Hudak",
   title =       "Modular Denotational Semantics for Compiler
		 Construction",
   booktitle =   "European Symposium on Programming",
   year =        "1996",
   month =       "April"
}

@PhDThesis{liang:thesis,
   author =      "Sheng Liang",
   title =       "Modular Monadic Semantics and Compilation",
   school =      "Yale University, Department of Computer Science",
   year =        "1998",
   month = 	"May"
}

@InProceedings{steele:building,
   author =      "Guy L. {Steele, Jr.}",
   title =       "Building Interpreters by Composing Monads",
   pages =       "472--492",
   booktitle =   "Conference Record of {POPL '94}: 21st {ACM
                  SIGPLAN-SIGACT} Symposium on Principles of
                  Programming Languages, {Portland, Oregon}",
   year =        "1994",
   publisher =   "ACM Press",
   address =     "New York",
   month =       "January"
}

@InProceedings{yu04:vsca,
  author =       {Dachuan Yu and Zhong Shao},
  title =        {Verification of Safety Properties for Concurrent Assembly Code},
  booktitle =    {Proc. 2004 International Conference on Functional Programming (ICFP'04)},
  year =         2004,
  month =        {September},
  location =     {Snowbird, Utah}
}

@unpublished{ahmed03,
author = "Amal Ahmed and Andrew W. Appel and Roberto Virga",
title = "An Indexed Model of Impredicative Polymorphism and Mutable References",
note = "http://www.cs.princeton.edu/\linebreak[0]\verb|~|appel/papers/impred.pdf",
month = jan,
year = 2003}

@inproceedings{chen03:ltal,
author="Juan Chen and Dinghao Wu and Andrew W. Appel and Hai Fang",
title="A provably sound TAL for back-end optimization",
booktitle=PLDI03,
pages="208-219",
year="2003",month=jun
}

@inproceedings{yu04,
author="Dachuan Yu and Andrew Kennedy and Don Syme",
title="Formalization of generics for the {.NET} common language runtime",
booktitle="Proceedings of the 31st Annual ACM SIGPLAN-SIGACT Symposium on Principles of Programming Languages (POPL'04)",
pages="39-51",year="2004",month=jan
}

@article{shao05:tscb,
author="Zhong Shao and Valery Trifonov and Bratin Saha and Nikolaos Papaspyrou",
title = "A Type System for Certified Binaries",
journal=TOPLAS,
volume="27",number="1", 
month="January",
year=2005,pages="1-45"  
}


@article{league02toplas,
author="Christopher League and Zhong Shao and Valery Trifonov",
title="Type-Preserving Compilation of {Featherweight Java}",
journal=TOPLAS,
volume="24",number="2",
month="March",
year="2002", pages="112-152"
}

@inproceedings{hamid04:rtpcc,
author="Nadeem A. Hamid and Zhong Shao",
title="Interfacing Hoare Logic and Type Systems for Foundational Proof-Carrying Code",
booktitle=TPHOLs04,
series="LNCS",volume=3223,publisher=SPRINGER,
pages="118-135",
year=2004,month=sep
}

@phdthesis{sulzmann-phd
    ,author={Sulzmann, Martin}
    ,title={A General Framework for Hindley/Milner Type Systems
            with Constraints}
    ,school={Department of Computer Science, Yale University}
    ,month=May
    ,year=2000
    }

@InProceedings{popl95:monadint,
  author =      "Sheng Liang and Paul Hudak and Mark Jones",
  title =       "Monad Transformers and Modular Interpreters",
  booktitle ={Proceedings of 22nd ACM Symposium on Principles of
              Programming Languages},
  year =        "1995",
  publisher =   "ACM Press",
  address =     "New York",
  month =       "January",
  pages={333-343}
}

@InProceedings{Nilsson2002,
  author =       "Henrik Nilsson and Antony Courtney and John Peterson",
  title =        "{F}unctional {R}eactive {P}rogramming, Continued",
  booktitle =    "{ACM} {SIGPLAN} 2002 Haskell Workshop",
  month =        oct,
  year =         2002
}

@InProceedings{efrp,
  author =       {Zhanyong Wan and Walid Taha and Paul Hudak},
  title =        {{E}vent-driven {FRP}},
  booktitle =    {Proceedings of Fourth International Symposium on Practical
                  Aspects of Declarative Languages},
  year =         {2002},
  month =        {Jan},
  organization = {ACM},
}

@InProceedings{rt-frp,
  author =   {Zhanyong Wan and Walid Taha and Paul Hudak},
  title =   {{R}eal-time {FRP}},
  booktitle ={Proceedings of Sixth ACM SIGPLAN International
              Conference on Functional Programming},
  year =   {2001},
  address =   {Florence, Italy},
  month =   {September},
  organization = {ACM},
}

@phdthesis{wan-phd
    ,author={Wan, Zhanyong}
    ,title={Functional Reactive Programming for Real-Time Embedded
            Systems}
    ,school={Department of Computer Science, Yale University}
    ,year={December 2002}
    }

@Article{Hughes2000,
  author =       "John Hughes",
  title =        "Generalising Monads to Arrows",
  journal =      "Science of Computer Programming",
  year =         2000,
  volume =       37,
  pages =        "67--111",
  month =        may
}

@InProceedings{feng06:sbca,
 author="Xinyu Feng and Zhong Shao and Alexander Vaynberg and Sen Xiang and Zhaozhong Ni",
 title="Modular Verification of Assembly Code with Stack-Based Control Abstractions",
  booktitle = PLDI06,
  pages=         "401-414",
  year =         2006,
  month =        jun,
  location =     {Ottawa, Cananda}
}

@techreport{feng05tr:sbca,
 author="Xinyu Feng and Zhong Shao and Alexander Vaynberg and Sen Xiang and Zhaozhong Ni",
 title="Modular Verification of Assembly Code with Stack-Based Control Abstractions",
 number="YALEU/DCS/TR-1336",
 institution="Yale University",
 month="Nov.",year="2005",
 url = "\url{http://flint.cs.yale.edu/publications/sbca.html}",
 note = "\url{http://flint.cs.yale.edu/publications/sbca.html}",
}

@InProceedings{feng05:cmap,
  author =       {Xinyu Feng and Zhong Shao},
  title =        {Modular Verification of Concurrent Assembly Code with Dynamic Thread Creation and Termination},
  booktitle =    ICFP05,
  pages=         {254--267},
  year =         2005,
  month =        {September},
  location =     {Tallinn, Estonia},
  publisher =    {ACM Press}
}

@InProceedings{chen05:ats,
  author =       {Chiyan Chen and Hongwei Xi},
  title =        {Combining Programming with Theorem Proving},
  booktitle =    ICFP05,
  pages=         {66--77},
  year =         2005,
  month =        {September},
  location =     {Tallinn, Estonia},
  publisher =    {ACM Press}
}

@phdthesis{courtney-phd
    ,author={Antony Courtney}
    ,title={Modelling User Interfaces in a Functional Language}
    ,school={Department of Computer Science, Yale University}
    ,month=May
    ,year=2004
    }

@InProceedings{PTM-PADL,
    author =       "Paul Hudak",
    title =        "Polymorphic Temporal Media",
    booktitle =    "Proceedings of {PADL'04}: 6th International Workshop on
                    Practical Aspects of Declarative Languages",
    publisher =    "Springer Verlag LNCS",
    pages =        "",
    month =        jun,
    year =         2004
  }

@InProceedings{nilsson:fhm02,
    author =       "Henrik Nilsson and John Peterson and Paul Hudak",
    title =        "Functional Hybrid Modeling",
    booktitle =    "Proceedings of {PADL'03}: 5th International Workshop on
                    Practical Aspects of Declarative Languages",
    publisher =    "Springer Verlag LNCS 2562",
    pages =        "376-390",
    month =        jan,
    year =         2003
  }

@InProceedings{fruit,
   author = "Antony Courtney and Conal Elliott",
   title = "Genuinely Functional User Interfaces",
   booktitle = "Proc. of the 2001 Haskell Workshop",
   year = 2001,
   month = "September",
}

@article{Draco 
  ,author = {J.M. Neighbors}
  ,title={The {D}raco approach to constructing software from reusable
         components}
  ,journal={IEEE Transactions on Software Engineering}
  ,volume={SE-10(5):564-74}
  ,month= {September}
  ,year= 1984
}

@book{ASF-SDF
  ,author={A. van Deursen and J. Heering and P. Klint}
  ,title={Language Prototyping: An Algebraic Specification Approach 
          (Volume 5 of AMAST Series in Computing)}
  ,publisher={World Scientific Publishing Co.}
  ,year=1996
}

@inProceedings{Kephera
  ,author={R.E. Faith and L.S. Nyland and J.F. Prins}
  ,title={Khepera: A system for rapid implementation of
          domain specific languages}
  ,booktitle={Proceedings of the USENIX Conference on 
              Domain-Specific Languages}
  ,month={October}
  ,year=1997
  ,publisher={USENIX}
  ,editor={J. C. Ramming}
}

@article{Kodiyak
  ,author={R.M. Herndon and V.A. Berzins}
  ,title={The realizable benefits of a language prototyping language}
  ,journal={IEEE Transactions on Software Engineering}
  ,volume={SE-14:803-809}
  ,year=1988
}

@inProceedings{DBS
  ,author={P. Pfahler and U. Kastens}
  ,title={Language design and implementation by selection}
  ,booktitle={DSL '97 -- First ACM SIGPLAN Workshop on 
              Domain-Specific Languages}
  ,publisher={ACM Press}
  ,editor={S. Kamin}
  ,year=1997
}

@inProceedings{InfoWiz
  ,author={L. Nakatani and M. Jones}
  ,title={Jargons and infocentrism}
  ,booktitle={DSL '97 -- First ACM SIGPLAN Workshop on 
              Domain-Specific Languages}
  ,publisher={ACM Press}
  ,editor={S. Kamin}
  ,year=1997
}

@inProceedings{PIC-DSL
  ,author={S. Kamin and D. Hyatt}
  ,title={A special-purpose language for picture-drawing}
  ,booktitle={Proceedings of the USENIX Conference on 
              Domain-Specific Languages}
  ,month={October}
  ,year=1997
  ,publisher={USENIX}
  ,editor={J. C. Ramming}
}

@inproceedings{HaggisGraphics95
    ,author={Sigbjorn Finne and Simon Peyton Jones}
    ,title={Pictures: A Simple Structured Graphics Model}
    ,booktitle={Proceedings of Glasgow Functional Programming Workshop}
    ,month=Jul
    ,year=1995
    ,pages={}
    }
 
@inproceedings{RePeHaHu99,
   title="Prototyping Real-Time Vision Systems: An Experiment 
          in {DSL} Design",
   author ="Alastair Reid and John Peterson and Greg Hager and Paul Hudak",
   booktitle = "Proc. Int'l Conference on Software Engineering",
   month = May,
   year = 1999
}

@inproceedings{haskell-com
    ,author={Simon Peyton-Jones and Erik Meijer and Dan Leijen}
    ,title={Scripting {COM} Components in Haskell}
    ,booktitle={Proceedings of 5th International Conference on Software Reuse}
    ,organization={IEEE/ACM}
    ,year=1998
    ,pages={224--233}
    }

@inproceedings{pj:contracts,
  topic = "applications",
  author = "SL {Peyton~Jones} and J-M Eber and J Seward",
  title = "Composing contracts: an adventure in financial engineering",
  booktitle = 	 "{ACM SIGPLAN International Conference on Functional Programming (ICFP'00)}",
  address = 	 "Montreal",
  publisher = acm,
  year = 	 2000,
  month = 	 sep,
  pages = "280-292"
}

@techreport{Sheeran85,
   author = {Mary Sheeran},
   title = {Designing regular array architectures using higher order functions},
   type = {Chal---mers},
   month = jan,
   year = {1985},
   institution = {University of Glasgow}
}

@inproceedings{hughes:pretty-printing,
  where="filed with reprints",
        AUTHOR = {John Hughes},
        TITLE = {{The Design of a Pretty-printing Library}},
        BOOKTITLE = {{Advanced Functional Programming}},
        EDITOR = {J. Jeuring and E. Meijer},
        YEAR = {1995},
        pages = "53-96",
        PUBLISHER = {Springer Verlag, LNCS 925},
}

@inbook{swiestra,
  author = "SD Swierstra and L Duponcheel",
  title = "Deterministic, Error-Correcting Combinator Parsers",
  pages = "184--207",
  crossref = "afp96"
}

@proceedings{afp96,
  title = "Second International School on Advanced Functional
           Programming (AFP'96)",
  booktitle = "Second International School on Advanced
               Functional Programming (AFP'96)",
  editors = "J Launchbury and  E Meijer and T Sheard",
  address = "Olympia, Washington",
  publisher = springer,
  series = {LNCS},
  volume = 1129,
  year = 1996
}

@unpublished{pj-weirich:wobbly,
  title = "Wobbly types: type inference for generalised algebraic data types",
  author = "Simon {Peyton Jones} and Geoffrey Washburn and Stephanie Weirich",
  note = "Microsoft Research",
  year = 2004
}

@inproceedings{sheard:curry-howard,
  title = "Putting {Curry-Howard} to work",
  author = "Tim Sheard",
  crossref = "haskell-workshop-05",
  pages = "74-85",
  keywords = "GADT"
}

@PROCEEDINGS{haskell-workshop-05
, TITLE="Proceedings of ACM Workshop on Haskell, Tallinn"
, BOOKTITLE="Proceedings of ACM Workshop on Haskell, Tallinn"
, month = sep
, YEAR="2005"
, address = "Tallinn, Estonia"
, publisher = "ACM"
}


@inproceedings{ohearn:concur04,
  author    = {Peter W. O'Hearn},
  title     = {Resources, Concurrency and Local Reasoning},
  booktitle = {Proc.\ 15th Int'l Conf. on Concurrency
               Theory (CONCUR'04)},
  pages     = {49-67},
  series    = {LNCS},
  volume    = {3170},
  year      = {2004},
}

@misc{verisoft06,
author="Wolfgang Paul and Manfred Broy and Thomas {In der Rieden}",
title="The Verisoft Project",
howpublished="URL: {\tt http://www.verisoft.de}",
year=2006
}



@inproceedings{leroy06,
author="Xavier Leroy",
title="Formal Certification of a Compiler Back-end or: Programming a Compiler with a Proof Assistant",
booktitle="Proceedings of the 33rd Annual ACM SIGPLAN-SIGACT Symposium on Principles of Programming Languages (POPL'06)",
@bookpages="42-54",year="2006",month=jan
}


@inproceedings{appel07:popl,
author="Andrew W. Appel and Paul-Andre Mellies and Christopher D. Richards and Jerom Vouillon",
title="A Very Modal Model of a Modern, Major, General Type System",
booktitle="Proceedings of the 34th Annual ACM SIGPLAN-SIGACT Symposium on Principles of Programming Languages (POPL'07)",
pages="109-122",year="2007",month=jan
}

@book{appel98:mci,
title="Modern Compiler Implementation",
author="Andrew W. Appel",
publisher="Cambridge University Press",
address="Cambridge, England",
year=1998}
                  
@InProceedings{lin07,
  author =       {Chunxiao Lin and Andrew McCreight and Zhong Shao and Yiyun Chen and Yu Guo},
  title =        {Foundational Typed Assembly Language with Certified Garbage Collection},
  booktitle =    {Proc. 1st IEEE and IFIP International Symposium on Theoretical Aspects of Software Engineering},
  pages=         {326-335},
  year =         2007,
  location =     {Shanghai, China},
}

@InProceedings{mccreight07,
  author =       {Andrew McCreight and Zhong Shao and Chunxiao Lin and Long Li},
  title =        {A General Framework for Certifying Garbage Collectors and Their Mutators},
  booktitle =    PLDI07,
  pages=         {468-479},
  year =         2007,
  location =     {San Diego, CA},
}

@InProceedings{cai07,
  author =       {Hongxu Cai and Zhong Shao and Alexander Vaynberg},
  title =        {Certified Self-Modifying Code},
  booktitle =    PLDI07,
  pages=         {66-77},
  year =         2007,
  location =     {San Diego, CA},
}



@inproceedings{feng07,
author="Xinyu Feng and Zhaozhong Ni and Zhong Shao and Yu Guo",
title="An Open Framework for Foundational Proof-Carrying Code",
booktitle= TLDI07,
pages="67--78",
year=2007,month=jan
}

@inproceedings{feng07:sagl,
  author = "Xinyu Feng and Rodrigo Ferreira and Zhong Shao",
  title = "On the relationship between concurrent separation logic and assume guarantee reasoning",
  booktitle = "Proc. 2007 European Symposium on Programming (ESOP'07)",
  month = apr,
  year = 2007,
  series = "LNCS",
  volume = 4421,
  pages = "173-188",
  publisher = SPRINGER
}

@inproceedings{gargano05,
author="Mauro Gargano and Mark A. Hillebrand and Dirk Leinenbach and Wolfgang J. Paul",
title="On the Correctness of Operating System Kernels",
booktitle=TPHOLs05,
series="LNCS",volume=3603,publisher=SPRINGER,
pages="1-16",
year=2005,month=sep
}


@InCollection{mellies96,
  author =	"Paul-Andre Mellies and Benjamin Werner",
  title =	"A Generic Normalisation Proof for Pure Type Systems",
  booktitle =	"Types for Proofs and Programs",
  publisher =	"Springer-Verlag LNCS 1512",
  year =	1996,
  editor =	"Eduardo Gimenez and Christine Paulin-Mohring",
  pages =	"254--276",
}

@techreport{ni06:mthtr,
author="Zhaozhong Ni and Dachuan Yu and Zhong Shao",
title="Modular Verification of Machine-Level Thread Implementation",
institution="Dept. of Computer Sci., Yale Univ.",
address="New Haven, CT", number="\url{http://flint.cs.yale.edu/flint/publications/mth.html}",
month=nov,year="2006"
}

@inproceedings{jinja03,
author={Tobias Nipkow},
title={Jinja: Towards a Comprehensive Formal Semantics for a
       {J}ava-like Language},
booktitle={Proof Technology and Computation},
publisher={IOS Press},editor={H. Schwichtenberg and K. Spies},year=2006}

@article{wing06,
author = "Jennette M. Wing",
title = "Computational Thinking",
journal = "Communications of the {ACM}",
year = 2006,
month ="March",
volume="49",
number="3"
}


@misc{jackson99,
author="Daniel Jackson and Jeannette Wing",
title="Lightweight Formal Methods",
howpublished="Available at {\tt URL http://sdg.csail.mit.edu/pubs/1999/ieee96-roundtable.html}",
year=1999
}


@inproceedings{ni07,
author="Zhaozhong Ni and Dachuan Yu and Zhong Shao",
title="Using XCAP to Certify Realistic System Code: Machine Context Management",
booktitle=TPHOLs07,
series="LNCS",volume=4732,publisher=SPRINGER,
pages="189-206",
year=2007,month=sep
}

@Manual{escjava00,
  title = 	 {{ESC}/{J}ava User's Manual},
  author = 	 {K. Rustan M. Leino and Greg Nelson and James B. Saxe},
  organization = {Compaq Systems Research Center},
  month = 	 {October},
  year = 	 {2000},
  note = 	 {Technical Note 2000-002}
}


@Misc{esc98,
  author = 	 {David L. Detlefs and K. Rustan M. Leino and Greg Nelson and James B. Saxe},
  title = 	 {Extended Static Checking},
  howpublished =  {Compaq Systems Research Center, Research Report 159},
  year = 	 {1998},
  month = 	 {December}
}

@InProceedings{barnett04specsharp,
  author = {Mike Barnett and K. Rustan M. Leino and Wolfram Schulte},
  title = {The {Spec\#} Programming System:  An Overview},
  booktitle = {{I}nternational {W}orkshop on {C}onstruction and {A}nalysis of {S}afe, {S}ecure and {I}nteroperable {S}mart {D}evices, {CASSIS}'04},
  year = {2004},
  volume = {3362},
  series = {Lecture Notes in Computer Science},
  publisher = {Springer}}


@book{cds07
  ,author={Daniel Jackson and Martyn Thomas and Lynette Millett}
  ,title={Software for Dependable Systems: Sufficient Evidence?}
  ,publisher={The National Academic Press}
  ,year=2007
}


@incollection{leavens99jml,
    author = "Gary T. Leavens and Albert L. Baker and Clyde Ruby",
    title = "{JML}: {A} Notation for Detailed Design",
    booktitle = "Behavioral Specifications of Businesses and Systems",
    series = "{I}nternational {S}eries in {E}ngineering and {C}omputer {S}cience",
    volume = 523,
    publisher = "Kluwer Academic Publishers",
    pages = "175--188",
    year = "1999",
    url = "citeseer.ist.psu.edu/leavens99jml.html" }

@Article{jml-main,
  author = 	 {Lilian Burdy and Yoonsik Cheon and David Cok and Michael Ernst and Joe Kiniry and Gary T. Leavens and K. Rustan M. Leino and Erik Poll},
  title = 	 {An overview of {JML} tools and applications},
  journal = 	 {{I}nternational {J}ournal on {S}oftware {T}ools for {T}echnology {T}ransfer},
  year = 	 {2005},
  volume = 	 {7},
  number = 	 {3},
  pages = 	 {212--232},
  month = 	 {June},
  publisher =    {Springer}
}

@InProceedings{harris05,
  author = 	 {Tim Harris and Simon Marlow and Simon {Peyton Jones} and Maurice Herlihy},
  title = 	 {Composable Memory Transactions},
  booktitle = {Symposium on Principles and Practice of Parallel Programming (PPoPP'05)},
  pages = 	 {48--60},
  year = 	 {2005}
}

@inproceedings{chang05,
author="Bor-Yuh Chang and Adam Chlipala and George Necula and Robert Schneck",
title="The Open Verifier Framework for Foundational Verifiers",
booktitle= TLDI05,
pages="1--12",
year=2005,month=jan
}

@article{Regehr07:ivt,
 author    = {John Regehr and Nathan Cooprider},
 title     = {Interrupt Verification via Thread Verification},
 journal   = {Electron. Notes Theor. Comput. Sci.},
 volume    = {174},
 number    = {9},
 year      = {2007},
 ppages     = {139--150},
 ppublisher = {Elsevier Science Publishers B. V.},
 aaddress =   {Amsterdam, The Netherlands, The Netherlands},
}
 
@phdthesis{feng07:phd
    ,author={Feng, Xinyu}
    ,title={An Open Framework for Certified System Software}
    ,school={Department of Computer Science, Yale University}
    ,year={December 2007}
    }

@inproceedings{schulte07,
    author = "Wolfram Schulte and Jan Smans and Songtao Xia",
    title = "A Glimpse of a Verifying C Compiler",
    booktitle = "C/C++ Verification Workshop",
    month="July",
    year = "2007",
    url = "http://www.cse.unsw.edu.au/~rhuuck/CV07/program.html" }


@inproceedings{moura08,
  author    = {Leonardo Mendon\c{c}a de Moura and
               Nikolaj Bj{\o}rner},
  title     = {Z3: An Efficient SMT Solver},
  booktitle = {Proceedings of the 14th International Conference on 
               Tools and Algorithms for the Construction and Analysis of
               Systems (TACAS'08)},
  year      = {2008},
  pages     = {337-340}
}


@misc{ball04,
author="Thomas Ball and Byron Cook and Shuvendu K. Lahiri and Lintao Zhang",
title="Zapato: Automatic Theorem Proving for Predicate Abstraction Refinement",
year=2004
}

@misc{verisoft07,
author="Wolfgang Paul and Manfred Broy and Thomas {In der Rieden}",
title="The Verisoft XT Project",
howpublished="URL: {\tt http://www.verisoft.de}",
year=2007
}

@book{barnes03,
author="John Barnes",
title="High Integrity Software: The {SPARK} Approach to Safety and Security",
publisher="Addison Wesley",
year=2003
}

@article{hall02,
author="Anthony Hall and Roderick Chapman",
title = "Correctness by Construction: Developing a Commercial Secure System",
journal="IEEE Software",
pages="18-25",
month= "January/February",
year=2002
}

@article{king00,
author="Steve King and Jonathan Hammond and Rod Chapman and Andy Pryor",
title = "Is Proof More Cost Effective than Testing",
journal="IEEE Transaction on Software Engineering",
volume = {26},
number = {8},
pages="675-686",
month= "August",
year=2000
}

@inproceedings{chen08,
author="Juan Chen and Chris Hawblitzel and Frances Perry and Mike Emmi and Jeremy Condit and Derrick Coetzee and Polyvios Pratikaki",
title="Type-Preserving Compilation for Large-Scale Optimizing Object-Oriented Compilers",
booktitle=PLDI08,
year=2008,pages="183-192"
}

@inproceedings{hawblitzel09,
author="Chris Hawblitzel and Erez Petrank",
title="Automated Verification of Practical Garbage Collectors",
booktitle=POPL09,
year=2009,pages="441-453"
}

@article{jackson08,
author = "Daniel Jackson",
title = "A Direct Path to Dependable Software",
journal = "Communications of the {ACM}",
pages="(to appear)",
year = 2008
}


@INPROCEEDINGS{vafeiadis:marriage,
  AUTHOR = "Viktor Vafeiadis and Matthew Parkinson",
  TITLE = "A Marriage of Rely/Guarantee and Separation Logic",
  BOOKTITLE = "18th "#concur,
  PAGES = {256--271},
  MONTH = sep,
  YEAR = 2007}

@inproceedings{feng09,
author="Xinyu Feng",
title="Local Rely-Guarantee Reasoning",
booktitle=POPL09,
year=2009,pages="(to appear)"
}

@article{thompson84,
author = "Ken Thompson",
title = "Reflections on Trusting Trust",
journal = "Communications of the {ACM}",
year = 1984,
month ="August",
volume="27",
number="8"
}

@inproceedings{king06,
author="Samuel T. King and Peter M. Chen and Yi-Min Wang and Chad Verbowski and Helen J. Wang and Jacob R. Lorch",
title="SubVirt: Implementing malware with virtual machines",
booktitle="Proceedings of the 2006 IEEE Symposium on Security and Privacy (Oakland)",
month="May",
year=2006
}

@inproceedings{demillo77,
author="Richard A. De{M}illo and Richard J. Lipton and Alan J. Perlis",
title="Social Processes and Proofs of Theorems and Programs",
booktitle="Proceedings of the 4th Annual ACM SIGPLAN-SIGACT Symposium on Principles of Programming Languages (POPL'77)",
pages="206-214",year="1977",month=jan
}

@article{hales08,
author = "Thomas C. Hales",
title = "Formal Proof",
journal = "Notices of the AMS",
year = 2008,
month ="December",
volume="55",
number="11"
}

@phdthesis{zeldovich07
    ,author={Nickolai Zeldovich}
    ,title={Securing Untrustworthy Software Using Information Flow Control}
    ,school={Department of Computer Science, Stanford University}
    ,year={October 2007}
    }


@inproceedings{pss98,
  author = "Amir Pnueli and M. Siegel and Eli Singerman",
  title = "Translation Validation",
  booktitle = "Proc. 4th International Conference on Tools and Algorithms for Construction and Analysis of Systems (TACAS'98)",
  month = "March",
  year = 1998,
  series = "LNCS",
  volume = 1384,
  pages = "151-166",
  publisher = SPRINGER
}

@inproceedings{feng08:vstte,
  author = "Xinyu Feng and Zhong Shao and Yu Guo and Yuan Dong",
  title = "Combining Domain-Specific and Foundational Logics to Verify Complete Software Systems",
  booktitle = "Proc. 2nd IFIP Working Conference on Verified Software: Theories, Tools, and Experiments (VSTTE'08)",
  month = "October",
  year = 2008,
  series = "LNCS",
  volume = 5295,
  pages = "54-69",
  publisher = SPRINGER
}

@techreport{fu10:rochtr,
 author = "Ming Fu and Yong Li and Xinyu Feng and Zhong Shao and Yu Zhang",
 title  = "Reasoning about Optimistic Concurrency Using a Program Logic for History",
 institution = "Dept. of Computer Science, Yale University",
 address = "New Haven, CT",
 number="YALEU/DCS/TR-1428",
 note="{\tt http://flint.cs.yale.edu/publications/roch.html}",
 month = "June", year = "2010"
}

@misc{shao08:dsl,
author="Zhong Shao and Paul Hudak",
title="Domain Specific Languages, Logics, and Proofs for Certified Software Design",
howpublished="NSF CCF Grant 0811665",
year="2008-2011"
}

@misc{shao09a,
author="Zhong Shao",
title="Formal Reasoning about Concurrent Programs for Multicore and Multiprocessor Machines",
howpublished="NSF CNS Trustworthy Computing Grant 0915888",
year="2009-2012"
}

@misc{shao09b,
author="Zhong Shao and Andrew Appel and Greg Morrisett",
title="Combining Foundational and Lightweight Formal Methods to Build Certifiably Dependable Software",
howpublished="NSF CNS Trustworthy Computing Grant 0910670",
year="2009-2013"
}

@InProceedings{mccreight10,
  author =       {Andrew McCreight and Tim Chevalier and Andrew Tolmach},
  title =        "A Certified Framework for Compiling and Executing Garbage-Collected Languages",
  booktitle =    ICFP10,
  pages=         "(to appear)",
  year =         2010,
  month =        {September},
  publisher =    {ACM Press}
}



@inproceedings{keykos92,
  author    = {Allen C. Bomberger and
               William S. Frantz and
               Ann C. Hardy and
               Norman Hardy and
               Charles R. Landau and
               Jonathan S. Shapiro},
  title     = {The KeyKOS Nanokernel Architecture},
  booktitle = {Proceedings of the USENIX Workshop on Microkernels and Other Kernel Architectures},
  year      = {1992},
  pages     = {95-112}
}

@inproceedings{eros99,
  author    = {Jonathan S. Shapiro and
               Jonathan M. Smith and
               David J. Farber},
  title     = {EROS: a fast capability system},
  booktitle = {Proc. 1999 ACM Symposium on Operating System Principles (SOSP)},
  year      = {1999},
  pages     = {170-185}
}

@inproceedings{resin09,
  author    = {Alexander Yip and
               Xi Wang and
               Nickolai Zeldovich and
               M. Frans Kaashoek},
  title     = {Improving application security with data flow assertions},
  booktitle = {Proceedings of the 22nd ACM Symposium on Operating Systems
               Principles},
  year      = {2009},
  pages     = {291-304}
}

@inproceedings{loki08,
  author    = {Nickolai Zeldovich and
               Hari Kannan and
               Michael Dalton and
               Christos Kozyrakis},
  title     = {Hardware Enforcement of Application Security Policies Using
               Tagged Memory},
  booktitle = {Proceedings 8th USENIX Symposium on Operating Systems Design and Implementation},
  year      = {2008},
  pages     = {225-240}
}

@inproceedings{fahndrich06,
  author    = {Manuel F{\"a}hndrich and
               Mark Aiken and
               Chris Hawblitzel and
               Orion Hodson and
               Galen C. Hunt and
               James R. Larus and
               Steven Levi},
  title     = {Language support for fast and reliable message-based communication in singularity OS},
  booktitle     = {Proceedings of the 2006 EuroSys Conference},
  year      = {2006},
  pages     = {177-190}
}


@article{herlihy91:waitfree,
  author    = {Maurice Herlihy},
  title     = {Wait-Free Synchronization},
  journal   = {ACM Trans. Program. Lang. Syst.},
  volume    = {13},
  number    = {1},
  year      = {1991},
  pages     = {124-149},
}

@inproceedings{herlihy93:tm,
  author    = {Maurice Herlihy and
               J. Eliot B. Moss},
  title     = {Transactional Memory: Architectural Support for Lock-Free
               Data Structures},
  booktitle = {Proc. 20th Annual Int'l Symp. on Computer Architecture (ISCA)},
  year      = {1993},
  pages     = {289-300},
  ppublisher = {IEEE Computer Society},
}

@inproceedings{porter:hotos07,
  author    = {Donald E. Porter and Owen S. Hofmann and Emmett Witchel},
  title     = {Is the optimism in optimistic concurrency warranted?},
  booktitle = {Proc. of the 11th Workshop on Hot Topics in Operating Systems (HotOS'07)},
  year      = {2007},
}

@article{michael04:hp,
  author    = {Maged M. Michael},
  title     = {Hazard Pointers: Safe Memory Reclamation for Lock-Free Objects},
  journal   = {IEEE Trans. Parallel Distrib. Syst.},
  volume    = {15},
  number    = {6},
  year      = {2004},
  pages     = {491-504},
}

@inproceedings{dice06:tl2,
  author    = {David Dice and
               Ori Shalev and
               Nir Shavit},
  title     = {Transactional Locking {II}},
  booktitle = {Proc. 20th Int'l Symp. on Distributed Computing (DISC'06)},
  year      = {2006},
  pages     = {194-208},
  ppublisher = {Springer},
  sseries    = {Lecture Notes in Computer Science},
  vvolume    = {4167},
}

@article{pnueli81:tcs,
  author    = {Amir Pnueli},
  title     = {The Temporal Semantics of Concurrent Programs},
  journal   = {Theor. Comput. Sci.},
  volume    = {13},
  year      = {1981},
  pages     = {45-60},
}



@inproceedings{petrank08,
  author    = {Filip Pizlo and
               Erez Petrank and
               Bjarne Steensgaard},
  title     = {A study of concurrent real-time garbage collectors},
  booktitle = {Proceedings of the ACM SIGPLAN 2008 Conference on Programming
               Language Design and Implementation},
  year      = {2008},
  pages     = {33-44}
}

@article{petrank06,
  author    = {Yossi Levanoni and
               Erez Petrank},
  title     = {An on-the-fly reference-counting garbage collector for java},
  journal   = {ACM Trans. Program. Lang. Syst.},
  volume    = {28},
  number    = {1},
  year      = {2006},
  pages     = {1-69}
}



@inproceedings{boogie05,
  author    = {Michael Barnett and
               Bor-Yuh Evan Chang and
               Robert DeLine and
               Bart Jacobs 0002 and
               K. Rustan M. Leino},
  title     = {Boogie: A Modular Reusable Verifier for Object-Oriented
               Programs},
  booktitle = {Proceedings of the 4th International Symosium on Formal Methods for Components and Objects (FMCO'05)},
  year      = {2005},
  pages     = {364-387}
}


@inproceedings{hawblitzel10,
  author    = {Jean Yang and
               Chris Hawblitzel},
  title     = {Safe to the last instruction: automated verification of
               a type-safe operating system},
  booktitle = PLDI10,
  year      = {2010},
  pages     = {99-110},
}

@inproceedings{tate10,
  author    = {Ross Tate and
               Juan Chen and
               Chris Hawblitzel},
  title     = {Inferable object-oriented typed assembly language},
  booktitle = PLDI10,
  year      = {2010},
  pages     = {424-435}
}

@article{delahaye2002proof,
  title={{A proof dedicated meta-language}},
  author={Delahaye, D.},
  journal={Electronic Notes in Theoretical Computer Science},
  volume={70},
  number={2},
  pages={96--109},
  year={2002},
  publisher={Elsevier BV}
}

@article{delahaye2000tactic,
  title={{A tactic language for the system Coq}},
  author={Delahaye, D.},
  journal={Lecture notes in computer science},
  pages={85--95},
  year={2000},
  publisher={Springer}
}

@inproceedings{nanevski2010structuring,
  author    = {Aleksandar Nanevski and
               Viktor Vafeiadis and
               Josh Berdine},
  title     = {Structuring the verification of heap-manipulating programs},
  booktitle = {Proceedings of the 37th ACM SIGPLAN-SIGACT Symposium on
               Principles of Programming Languages},
  year      = {2010},
  publisher = {ACM},
  pages     = {261-274}
}

@article{gordon1979edinburgh,
  title={{Edinburgh LCF: a mechanized logic of computation}},
  author={Gordon, M.J. and Milner, R. and Wadsworth, C.P.},
  journal={Springer-Verlag Berlin},
  volume={10},
  pages={11--25},
  year={1979}
}

@TECHREPORT{norell2007towards,
    author = {Ulf Norell},
    title = {Towards a practical programming language based on dependent type theory},
    institution = {Goteborg University},
    year = {2007}
}

@conference{fogarty2007concoqtion,
  title={{Concoqtion: indexed types now!}},
  author={Fogarty, S. and Pasalic, E. and Siek, J. and Taha, W.},
  booktitle={Proceedings of the 2007 ACM SIGPLAN symposium on Partial evaluation and semantics-based program manipulation},
  pages={112--121},
  year={2007},
  organization={ACM New York, NY, USA}
}

@conference{chen2005combining,
  title={{Combining programming with theorem proving}},
  author={Chen, C. and Xi, H.},
  booktitle={Proceedings of the tenth ACM SIGPLAN international conference on Functional programming},
  pages={77},
  year={2005},
  organization={ACM}
}

@inproceedings{pientka2008programming,
  author    = {Brigitte Pientka and
               Joshua Dunfield},
  title     = {Programming with proofs and explicit contexts},
  booktitle = {Proceedings of the 10th international ACM SIGPLAN conference on Principles and practice of declarative programming},
  year      = {2008},
  pages     = {163-173},
  organization={ACM New York, NY, USA}
}

@article{poswolsky2008practical,
  title={{Practical programming with higher-order encodings and dependent types}},
  author={Poswolsky, A. and Sch\"urmann, C.},
  journal={Lecture Notes in Computer Science},
  volume={4960},
  pages={93},
  year={2008},
  publisher={Springer}
}

@conference{licata2008focusing,
  title={{Focusing on binding and computation}},
  author={Licata, D.R. and Zeilberger, N. and Harper, R.},
  booktitle={Logic in Computer Science, 2008. LICS'08},
  pages={241--252},
  year={2008}
}

@conference{klein2009sel4,
  title={{seL4: Formal verification of an OS kernel}},
  author={Klein, G. and Elphinstone, K. and Heiser, G. and Andronick, J. and Cock, D. and Derrin, P. and Elkaduwe, D. and Engelhardt, K. and Kolanski, R. and Norrish, M. and others},
  booktitle={Proceedings of the ACM SIGOPS 22nd symposium on Operating systems principles},
  pages={207--220},
  year={2009},
  organization={ACM}
}

@inproceedings{jml07,
  author    = {Gary T. Leavens},
  title     = {Tutorial on JML, the java modeling language},
  booktitle = {Proceedings of the 22nd IEEE/ACM International Conference on Automated Software
               Engineering (ASE 2007)},
  year      = {2007},
  pages     = {573}
}

@techreport{shao10:ctos,
 author = "Zhong Shao and Bryan Ford",
 title  = "Advanced Development of Certified OS Kernels",
 institution = "Dept. of Computer Science, Yale University",
 address = "New Haven, CT",
 number="YALEU/DCS/TR-1436",
 note="{\tt http://flint.cs.yale.edu/publications/ctos.html}",
 month = "July", year = "2010"
}

@inproceedings{indirection10
     ,author={Aquinas Hobor and Robert Dockins and and Andrew W. Appel}
     ,title={A Theory of Indirection via Approximation}
     ,booktitle={Proceedings of the 37th Annual ACM SIGPLAN-SIGACT Symposium on Principles of Programming Languages (POPL'10)}
     ,year=2010
     ,pages={171--184}
     }

@article{fpcc10toplas,
     author={A. Ahmed and A. W. Appel and C. D. Richards and K. Swadi and G. Tan and and D. C. Wang},
     title={Semantic Foundations for Typed Assembly Languages},
     journal={ACM Transactions on Programming Languages and Systems},
     volume={32},
     number={3},
     month={Mar},
     year={2010},
     pages={7.1--7.67}
     }

@InProceedings{CompilerPOPL10,
author = {Adam Chlipala},
title = {A Verified Compiler for an Impure Functional Language},
booktitle = POPL10,
year = {2010},
}

@inproceedings{CtpcPLDI07,
 author={Adam Chlipala},
 title={A Certified Type-Preserving Compiler from Lambda Calculus to Assembly Language},
 booktitle=PLDI07,
 year=2007,
 }

@InProceedings{PhoasICFP08,
author = {Adam Chlipala},
title = {Parametric Higher-Order Abstract Syntax for Mechanized Semantics},
booktitle = ICFP08,
year = {2008},
}

@InProceedings{UrPLDI10,
author = {Adam Chlipala},
title = {Ur: Statically-Typed Metaprogramming with Type-Level Record Computation},
booktitle = PLDI10,
year = {2010},
}

@InProceedings{UrflowOSDI10,
author = {Adam Chlipala},
title = {Static Checking of Dynamically-Varying Security Policies in Database-Backed Applications},
booktitle = OSDI10,
year = {2010},
}

@article{DBLP:journals/sttt/HamonR07,
  author    = {Gr{\'e}goire Hamon and
               John M. Rushby},
  title     = {An operational semantics for {S}tateflow},
  journal   = {STTT},
  volume    = {9},
  number    = {5-6},
  year      = {2007},
  pages     = {447-456},
  ee        = {http://dx.doi.org/10.1007/s10009-007-0049-7},
  bibsource = {DBLP, http://dblp.uni-trier.de}
}

@inproceedings{DBLP:conf/emsoft/Hamon05,
  author    = {Gr{\'e}goire Hamon},
  title     = {A denotational semantics for {S}tateflow},
  pages     = {164-172},
  ee        = {http://doi.acm.org/10.1145/1086228.1086260},
  crossref  = {DBLP:conf/emsoft/2005},
  bibsource = {DBLP, http://dblp.uni-trier.de}
}

@proceedings{DBLP:conf/emsoft/2005,
  editor    = {Wayne Wolf},
  title     = {EMSOFT 2005, 5th ACM International Conference On 
               Embedded Software, Proceedings},
  booktitle = {EMSOFT 2005, 5th ACM International Conference On 
               Embedded Software, Proceedings},
  location = {September 18-22, 2005, Jersey City, NJ, USA},
  publisher = {ACM},
  year      = {2005},
  isbn      = {1-59593-091-4},
  bibsource = {DBLP, http://dblp.uni-trier.de}
}

@inproceedings{DBLP:conf/cav/RyabtsevS09,
  author    = {Michael Ryabtsev and
               Ofer Strichman},
  title     = {Translation Validation: From {S}imulink to {C}},
  pages     = {696-701},
  ee        = {http://dx.doi.org/10.1007/978-3-642-02658-4_57},
  crossref  = {DBLP:conf/cav/2009},
  bibsource = {DBLP, http://dblp.uni-trier.de}
}

@proceedings{DBLP:conf/cav/2009,
  editor    = {Ahmed Bouajjani and
               Oded Maler},
  title     = {CAV 2009, 21st International Conference On 
               Computer Aided Verification, Proceedings},
  booktitle = {CAV 2009, 21st International Conference On 
               Computer Aided Verification, Proceedings},
  location  = {June 26 - July 2, 2009, Grenoble, France},
  publisher = {Springer},
  series    = {LNCS},
  volume    = {5643},
  year      = {2009},
  isbn      = {978-3-642-02657-7},
  ee        = {http://dx.doi.org/10.1007/978-3-642-02658-4},
  bibsource = {DBLP, http://dblp.uni-trier.de}
}

@article{DBLP:journals/cacm/MillerWC10,
  author    = {Steven P. Miller and
               Michael W. Whalen and
               Darren D. Cofer},
  title     = {Software model checking takes off},
  journal   = {Commun. ACM},
  volume    = {53},
  number    = {2},
  year      = {2010},
  pages     = {58-64},
  ee        = {http://doi.acm.org/10.1145/1646353.1646372},
  bibsource = {DBLP, http://dblp.uni-trier.de}
}

@ARTICLE{lustre:ieee,
   AUTHOR={N. Halbwachs and P. Caspi and P. Raymond and D. Pilaud},
   TITLE={The synchronous dataflow programming language {Lustre}},
   JOURNAL={Proceedings of the IEEE},
   VOLUME={79},
   NUMBER={9},
   PAGES={1305-1320},
   MONTH={September},
   YEAR={1991}
   }

@inproceedings{Caspi:1987:LDL:41625.41641,
 author = {Caspi, P. and Pilaud, D. and Halbwachs, N. and Plaice, J. A.},
 title = {{LUSTRE}: a declarative language for real-time programming},
 booktitle = POPL87,
 year = {1987},
 isbn = {0-89791-215-2},
 location = {Munich, West Germany},
 pages = {178--188},
 numpages = {11},
 url = {http://doi.acm.org/10.1145/41625.41641},
 doi = {10.1145/41625.41641},
 acmid = {41641},
 publisher = {ACM}
} 

@inproceedings{reflection,
  author    = {Boutin, Samuel},
  title     = {Using reflection to build efficient and certified decision procedures},
  booktitle = {Proceedings of the Third International Symposium on Theoretical Aspects of Computer Software},
  year      = {1997},
}


@inproceedings{staden12,
 author = {Stephan van Staden and Cristiano Calcagno and Bertrand Meyer},
 title = {Freefinement},
 booktitle = {POPL '12: Proceedings of the 39th annual ACM SIGPLAN-SIGACT symposium on Principles of programming languages},
 year = {2012},
 isbn = {978-1-4503-1083-3},
 pages = {7--18},
 location = {Philadelphia, PA, USA},
 doi = {http://doi.acm.org/10.1145/2103656.2103718},
 publisher = {ACM},
 address = {New York, NY, USA},
 }

@inproceedings{ramananandro12,
 author = {Ramananandro, Tahina and Dos Reis, Gabriel and Leroy, Xavier},
 title = {A mechanized semantics for C++ object construction and destruction, with applications to resource management},
 booktitle = {POPL '12: Proceedings of the 39th annual ACM SIGPLAN-SIGACT symposium on Principles of programming languages},
 year = {2012},
 isbn = {978-1-4503-1083-3},
 pages = {521--532},
 location = {Philadelphia, PA, USA},
 doi = {http://doi.acm.org/10.1145/2103656.2103718},
 publisher = {ACM},
 address = {New York, NY, USA},
 }

@inproceedings{ramananandro11,
 author = {Ramananandro, Tahina and Dos Reis, Gabriel and Leroy, Xavier},
 title = {Formal verification of object layout for c++ multiple inheritance},
 booktitle = {POPL '11: Proceedings of the 38th annual ACM SIGPLAN-SIGACT symposium on Principles of programming languages},
 year = {2011},
 isbn = {978-1-4503-0490-0},
 pages = {67--80},
 location = {Austin, Texas, USA},
 doi = {http://doi.acm.org/10.1145/1926385.1926395},
 publisher = {ACM},
 address = {New York, NY, USA},
 }

@book{cpdt,
author="Adam Chlipala",
title="Certified Programming with Dependent Types",
publisher="MIT Press",
address="Cambridge, Massachusetts",
year={to appear}
}

@InProceedings{CertverICFP06,
author = {Adam Chlipala},
title = {Modular Development of Certified Program Verifiers with a Proof Assistant},
booktitle = ICFP06,
year = {2006},
}

@book{morgan94,
  author    = {Carroll C. Morgan},
  title     = {Programming from specifications, 2nd Edition},
  publisher = {Prentice Hall},
  series    = {Prentice Hall International series in computer science},
  year      = {1994},
  isbn      = {978-0-13-123274-7},
  pages     = {I-XV, 1-332}
}

@article{filipovic10,
  author    = {Ivana Filipovic and
               Peter W. O'Hearn and
               Noam Rinetzky and
               Hongseok Yang},
  title     = {Abstraction for concurrent objects},
  journal   = {Theor. Comput. Sci.},
  volume    = {411},
  number    = {51-52},
  year      = {2010},
  pages     = {4379-4398}
}


@inproceedings{Hoffmann13lics,
  author    = {Jan Hoffmann and
               Michael Marmar and
               Zhong Shao},
  title     = {Quantitative Reasoning for Proving Lock-Freedom},
  booktitle = "Proc. 28th" # LICS,
  year      = {2013},
  pages     = {124-133},
}

@inproceedings{Liang13concur,
  author    = {Hongjin Liang and
               Jan Hoffmann and
               Xinyu Feng and
               Zhong Shao},
  title     = {Characterizing Progress Properties of Concurrent Objects
               via Contextual Refinements},
  booktitle = {CONCUR},
  year      = {2013},
  pages     = {227-241},
}

@inproceedings{guo12,
title="Modular Verification of Concurrent Thread Management",
author="Yu Guo and Xinyu Feng and Zhong Shao and Peizhi Shi",
booktitle="Proc. 10th Asian Symposium on Programming Languages and Systems (APLAS 2012)",
pages="315-331",
month=dec,
year=2012}

@inproceedings{carbonneaux14,
author="Quentin Carbonneaux and Jan Hoffmann and Tahina Ramananandro and Zhong Shao",
title="End-to-End Verification of Stack-Space Bounds for {C} Programs",
booktitle=PLDI14,
year=2014
}

@inproceedings{costanzo14,
author="David Costanzo and Zhong Shao",
title="A Separation Logic for Enforcing Declarative Information Flow Control Policies",
booktitle="Proc. the 3rd Conference on Principles of Security and Trust", pages="(to appear)",
year=2014
}

@misc{gu14,
author="Ronghui Gu and Tahina Ramananandro and Zhong Shao and Newmann Wu and Haozhong Zhang and Yu Guo and Jeremie Koenig",
title="Compositional Layered Specification and Verification of a Hypervisor OS Kernel",
howpublished="Technical Report, Yale Univ, Dept. of Computer Science",
year=2013,month=nov
}

